2492 3888
616 503 681 552 60

553 580 790 617 currunt.
829 567 970 618 Raro
999 566 1048 613 in
1092 564 1169 614 his
1207 561 1407 632 Tituliq
1426 562 1756 620 praeponitur
1795 561 2053 614 dedicatio
2087 580 2134 615 D.
2169 582 2236 620 M-

549 629 656 682 Diis
700 632 930 688 Manibm3
973 646 1088 680 raro
1129 628 1253 676 item
1293 640 1438 686 anm,
1477 625 1702 686 menses,
1740 626 1878 688 dies,
1916 627 2075 676 horae
2120 645 2240 679 enu-

551 709 810 745 merantur
834 735 847 758 ,
879 694 940 745 ad
970 690 1288 745 indicandam
1315 689 1470 740 vitam
1493 727 1505 750 ‚
1536 689 1585 737 &
1612 702 1830 739 aetatem
1860 687 2239 751 defun&orum;

549 772 704 813 quare
732 759 867 820 argui
895 757 1059 818 potest
1077 756 1314 807 viventes
1331 752 1415 801 fibi
1432 749 1659 805 Titulum
1687 750 1855 803 feciss'e
1875 792 1887 815 ‚
1919 754 2000 803 vel
2019 755 2161 807 Ollas
2178 758 2242 805 ad

549 820 827 873 servandos
868 822 1069 872 cineres
1116 817 1202 870 fibi
1238 813 1471 882 donatist,
1512 830 1569 871 ut
1603 815 1765 867 securi
1807 816 2112 877 posteritatis
2168 821 2240 869 es-

548 884 688 946 sent,
729 887 779 937 &
807 903 870 938 ne
901 883 1124 938 heredes
1148 893 1421 949 rogarent.

1236 1015 1278 1078 5.
1347 1007 1399 1058 X
1417 1003 1438 1059 1
1457 1007 1546 1059 ΙΙ.

665 1144 715 1195 Χ
754 1156 969 1195 numero
1013 1137 1415 1198 Aedicularum,
1469 1135 1571 1185 five
1614 1134 2057 1206 Columbariorum
2094 1140 2237 1201 supra

697 1210 1000 1270 quingenta,
1041 1205 1090 1253 &
1134 1201 1492 1260 quinquaginta
1516 1237 1530 1261 ‚
1568 1198 1788 1258 plumbus
1828 1201 2087 1251 ordinibus
2115 1242 2129 1266 ,
2171 1222 2230 1255 ac

546 1275 695 1324 lineis
729 1273 910 1332 ubique
956 1283 1046 1329 per
1077 1267 1300 1326 parietes
1328 1261 1710 1334 dispositorum,
1755 1263 1928 1324 colligi
1958 1263 2108 1316 facile
2148 1285 2240 1327 po-

546 1336 643 1386 test
681 1349 918 1386 numerus
949 1347 1054 1387 tum
1094 1329 1323 1383 Ollarum
1366 1328 1725 1398 cinerariarum
1767 1327 1817 1375 in
1854 1327 1966 1387 ipsis
2009 1332 2239 1381 condita-

545 1412 685 1461 rum,
713 1414 817 1450 tum
848 1397 1173 1456 Titulorum,
1201 1394 1252 1442 in
1279 1392 1456 1450 quibus
1485 1390 1718 1448 inscripta
1750 1391 1861 1441 sunt
1895 1394 2101 1443 nomina
2130 1432 2142 1457 ,
2184 1396 2235 1444 &

548 1461 715 1512 officia
742 1463 1093 1521 Libertorum,
1120 1475 1177 1507 ac
1214 1457 1488 1508 Servorum
1529 1455 1733 1508 Domus
1765 1454 2049 1519 Augustae,
2102 1475 2236 1517 quos
2308 1471 2311 1475 ·

546 1525 687 1584 supra
714 1539 918 1579 centum
945 1526 993 1575 &
1039 1522 1173 1572 mille
1212 1520 1495 1581 promiscue
1540 1535 1652 1568 cum
1692 1516 1892 1569 feminis
1937 1521 2121 1572 inlatos
2163 1521 2238 1571 fu·-

545 1589 628 1638 isse
658 1589 983 1648 intelligimus
1008 1587 1058 1636 in
1087 1587 1190 1640 hoc
1218 1601 1488 1634 commune
1522 1581 1833 1641 Sepulcrum.
1868 1584 2077 1633 Servilia
2106 1586 2237 1635 haec

546 1652 875 1703 Libertorum
902 1652 1321 1708 Libertarumque
1356 1647 1578 1708 agmina,
1607 1646 2034 1710 quemadmodum
2068 1649 2232 1698 osten-

545 1716 672 1768 dunt
699 1730 906 1766 veteres
938 1714 1303 1774 Inscriptionus
1335 1713 1430 1771 jam
1460 1711 1627 1760 editae
1649 1748 1662 1771 ‚
1691 1726 1748 1758 ac
1778 1726 1901 1759 mox
1927 1710 2232 1774 afferendae,

546 1778 598 1827 in
630 1779 790 1829 varias
821 1778 990 1829 classes
1010 1817 1023 1839 ,
1049 1780 1097 1828 &
1128 1773 1399 1831 ministeria
1425 1773 1683 1826 distributa
1710 1787 1885 1834 erant,
1917 1775 2095 1831 quibus
2125 1775 2234 1824 De-

488 1876 490 1883 i
547 1841 784 1892 curiones
820 1855 1121 1901 praeerant,
1164 1840 1226 1888 ad
1265 1856 1418 1887 omne
1459 1836 1712 1896 officium,
1749 1835 1920 1897 usum,
1960 1853 2230 1900 pompam,

547 1905 969 1955 commoditatem
990 1942 1003 1965 ,
1032 1903 1422 1952 delefilationem
1439 1938 1452 1961 ,
1475 1899 1694 1956 denique
1714 1898 1776 1947 ad
1809 1917 2013 1953 omnem
2039 1900 2232 1964 luxum,

547 1985 606 2017 ac
635 1968 1061 2029 magnificentiam
1103 1964 1451 2021 ostentandam
1503 1961 1770 2012 destinata.
1820 1963 1906 2013 De
1949 1963 2229 2025 immensa,

547 2045 698 2089 atque
732 2031 926 2080 infinita
968 2028 1341 2088 propemodum
1376 2025 1676 2077 eorumdem
1714 2025 2036 2076 multitudine
2075 2044 2229 2085 quum

546 2094 778 2155 erudite,
803 2092 1169 2161 &luculenter
1207 2090 1494 2148 scripserint
1523 2088 1618 2138 viri
1649 2087 1811 2149 dodi,
1844 2089 1906 2138 (ι)
1934 2089 1986 2138 in
2026 2106 2081 2139 re
2122 2104 2227 2139 tam

547 2157 697 2217 clara,
724 2172 781 2209 ac
810 2155 1108 2216 pervulgata
1137 2154 1206 2203 nil
1236 2167 1361 2212 opus
1380 2151 1449 2201 est
1473 2165 1528 2201 ut
1557 2151 1740 2202 diutius
1769 2165 1959 2202 morer.
1998 2152 2228 2212 §pedam

548 2221 611 2268 ad
641 2221 730 2269 alia
757 2221 1096 2272 Monumenta
1115 2257 1128 2279 ,
1154 2229 1210 2266 ac
1247 2217 1483 2275 sepulcra
1521 2215 1911 2273 quamplurimae
1940 2215 2230 2277 Inscriptio—

544 2300 637 2333 nes
668 2283 1021 2344 Libertorum,
1060 2296 1118 2330 ac
1159 2277 1433 2331 Servorum
1463 2294 1633 2328 L1VIAE
1660 2280 2025 2340 AVGVSTAE,&
2052 2279 2241 2332 Caesa-·

547 2359 659 2395 rum
690 2344 923 2408 DomfiS,
963 2361 1088 2404 quae
1120 2361 1146 2393 a
1184 2344 1440 2403 Grutem,
1471 2341 1747 2405 Reinesm,
1779 2342 2000 2404 Sponi0,
2041 2359 2099 2398 ac
2139 2342 2230 2393 Fa-

551 2410 725 2459 bretto
746 2448 760 2471 ,
802 2410 1000 2467 aliisque
1035 2406 1397 2467 praestantibus
1426 2404 1565 2458 Viris
1592 2408 1656 2456 de
1687 2407 1963 2464 antiquaria
1986 2407 2067 2457 Re
2099 2407 2231 2467 opti-

549 2484 630 2520 me
653 2474 844 2521 meritis
864 2510 876 2533 ,
893 2473 944 2519 in
968 2473 1133 2523 lucem
1163 2470 1330 2519 editae
1363 2469 1490 2524 sunt3
1521 2486 1648 2525 quae
1676 2469 2011 2518 Monumenta
2029 2507 2043 2531 ,
2070 2486 2127 2517 ac
2145 2473 2229 2520 Se-

548 2533 721 2591 pulcra
761 2533 962 2582 diverso
1003 2544 1267 2591 tempore,
1309 2531 1357 2582 &
1399 2529 1520 2579 loco
1553 2567 1567 2591 ,
1606 2529 1696 2578 sed
1730 2531 2024 2586 praesertim
2053 2532 2104 2578 in
2129 2530 2228 2581 Via

548 2598 716 2655 Appia
756 2596 941 2646 retecta
980 2596 1121 2655 sunt,
1151 2593 1233 2642 ubi
1262 2592 1584 2647 Libertorum
1628 2592 1802 2645 Liviae
1851 2592 2136 2655 Augustae,
2174 2594 2225 2642 &

549 2660 816 2711 Caesarum
836 2658 1152 2723 vConditoria
1177 2654 1527 2714 frequentiora
1545 2654 1681 2710 fuiffe
1710 2654 1924 2704 credere
1950 2655 2089 2706 licet.
2129 2657 2225 2707 Le·-

552 2724 684 2786 gitur
717 2724 768 2773 in
808 2722 1121 2774 Gruteriano
1150 2719 1419 2770 Thesauro
1460 2719 1674 2785 sequens,
1701 2718 1934 2781 Titulus3
1965 2719 2026 2770 (Ζ)

1178 2841 1253 2869 Ex
1309 2860 1320 2870 .
1377 2840 1583 2870 DOMO

1079 2896 1495 2926 CAESARVM
1609 2896 1690 2926 ET

1255 2953 1522 2983 LlVlAE

996 3012 1352 3047 LIBERTORVM
1391 3012 1455 3041 ET
1493 3009 1774 3042 SERVORVM

2003 3070 2154 3113 quem

589 3124 642 3166 (ι)
669 3121 847 3163 Pignorius
866 3121 899 3152 in
917 3119 1130 3155 praefatione
1151 3119 1191 3153 ad
1209 3119 1351 3154 Librum
1381 3121 1424 3154 de
1447 3119 1578 3153 Servis.
1603 3117 1779 3152 Fabrettus
1804 3116 1909 3150 inser.
1941 3118 2021 3150 Ant.
2046 3119 2126 3162 Cap.
2161 3130 2218 3157 iv,

546 3177 622 3207 pag.
650 3174 729 3208 343.
745 3167 774 3197 δὲ
799 3175 871 3205 344-
893 3165 1015 3197 Bened.
1041 3164 1235 3197 Averanius
1269 3166 1301 3198 in
1326 3163 1570 3205 Thucydidem
1595 3160 1732 3194 Dissert-
1755 3171 1833 3193 xxx.
1857 3160 1948 3194 Vide
1980 3161 2219 3201 Inscriptiones

544 3210 702 3249 antiquas
715 3231 724 3245 ‚
748 3219 836 3247 quae
856 3207 983 3241 exstant
1004 3205 1194 3240 Florentiae
1216 3205 1249 3238 in
1260 3206 1407 3239 Urbanis
1425 3205 1548 3238 Hortis
1567 3204 1610 3237 D.
1627 3203 1837 3237 Marchionis
1858 3203 2020 3243 Corfinii,
2036 3207 2066 3237 &
2086 3207 2118 3239 in
2136 3206 2219 3239 Mu.

545 3253 600 3285 sco
624 3249 825 3285 Suburbano
848 3251 1005 3288 Strozio,
1020 3250 1109 3281 inter
1126 3258 1207 3287 quas
1230 3249 1399 3291 plurimae
1423 3249 1464 3281 ad
1493 3248 1651 3282 Libertos
1678 3246 1799 3283 Liviae
1829 3246 2002 3291 Augustae
2025 3248 2219 3289 pertinent.

541 3306 626 3335 quas
651 3292 711 3330 hic
734 3305 933 3329 enumerare
951 3304 1016 3329 non
1034 3301 1156 3327 vacat.
1216 3291 1267 3335 (2)
1293 3301 1531 3326 Decccxxxiv.
1561 3300 1611 3329 12.
