2492 3888
619 544 640 562 »ς

545 589 709 639 Vinea
742 587 948 648 Josephi
977 584 1187 648 Bencfi,
1227 584 1425 635 interl.
1457 587 1508 635 &
1537 585 1603 637 II.
1640 587 1700 635 ab
1736 585 1874 637 Urbe
1907 584 2156 649 lapidem,
2181 590 2234 635 (ι)

545 651 831 702 laevorsum
859 650 1159 700 exeuntibus
1180 668 1205 698 e
1226 648 1379 698 Porta
1405 648 1636 712 Capena,
1663 667 1790 708 quae
1809 650 1965 700 hodie
1984 690 1996 713 ‚
2013 668 2037 699 a
2065 654 2236 709 proxi-

543 734 629 764 mo
657 713 909 775 Templo,
939 715 983 764 S.
1020 713 1285 762 Sebastiani
1314 714 1622 772 appellatur.
1666 717 1909 774 Quonam
1949 716 2105 764 modo
2151 716 2238 767 de-

544 778 728 827 tthum
761 775 943 840 fuerit,
982 791 1163 836 utpote
1202 790 1284 825 tot
1314 775 1491 827 seculis
1535 777 1671 829 terr‘a
1715 780 1916 837 penitus
1959 779 2193 828 obrutum
2222 819 2237 841 ‚

541 842 711 901 paucis
755 840 880 890 libet
924 857 1217 900 exponere.
1265 843 1436 900 Quum
1477 841 1775 906 Vinitores,
1823 857 2013 893 terram
2056 843 2235 892 alicubi

544 906 711 965 paullo
741 905 1136 956 eminentiorem
1166 903 1483 964 effoderent3
1526 905 1663 958 forte
1706 907 1954 970 contigit,
1999 920 2055 955 ut
2091 908 2236 977 unius

543 969 748 1030 absidis,
779 985 925 1026 quam
953 986 1047 1019 nos
1072 966 1296 1020 tribunam
1325 986 1350 1018 a
1380 970 1562 1022 Latino
1595 970 1810 1020 tribunal
1829 1010 1841 1033 ‚
1869 973 1918 1020 &
1945 971 2107 1029 patrio
2139 972 2237 1021 ier-

541 1052 695 1085 mone
722 1030 891 1084 nicchia
921 1033 1258 1099 appellamus,
1289 1034 1484 1095 apicem
1515 1034 1872 1094 offenderent·,
1902 1036 2034 1084 circa
2064 1053 2236 1097 quem,

542 1096 741 1150 defossa
771 1101 937 1159 terra,
969 1100 1216 1157 parietum
1247 1101 1433 1162 latera,
1472 1115 1528 1148 ac
1562 1117 1667 1148 non
1696 1100 1849 1160 longe
1883 1116 1910 1148 e
1950 1099 2147 1162 topho,
2186 1100 2237 1148 &

543 1164 682 1213 calce
713 1159 962 1223 permixta
1008 1161 1333 1214 constru&am
1375 1180 1623 1214 cameram
1668 1175 2007 1222 repererunt;
2054 1180 2237 1213 verum

539 1226 592 1275 in
634 1226 836 1288 medie,
876 1227 1069 1287 ingenti
1103 1227 1271 1290 hiatu,
1315 1227 1514 1288 prorsus
1541 1226 1784 1285 dirutam·,
1828 1245 1855 1276 e
1885 1243 1987 1284 quo
2017 1225 2234 1276 dilabsae

540 1293 788 1340 maceriae
810 1303 975 1340 totum
1001 1292 1134 1342 intus
1161 1290 1447 1343 aedificium
1477 1292 1607 1341 adeo
1629 1291 1967 1351 oppleverant
1986 1288 2116 1362 Tab.
2138 1289 2233 1342 ΙΙΙ.

540 1369 569 1401 a
608 1354 752 1405 litera
780 1373 836 1414 c,
868 1354 1017 1413 usque
1039 1357 1099 1406 ad
1129 1373 1159 1406 Κ
1179 1397 1192 1420 ,
1224 1372 1280 1407 ut
1308 1357 1440 1407 nulla
1470 1374 1534 1406 ex
1563 1371 1704 1415 parte
1739 1354 1943 1415 prorsus
1977 1353 2100 1403 adiri
2122 1353 2234 1413 pos-

540 1415 645 1467 set.
689 1417 867 1479 Egesta
895 1419 1285 1480 circumquaque
1317 1418 1481 1483 terra,
1518 1421 1878 1478 ruderibulque
1911 1431 2124 1479 purgato
2156 1417 2233 1490 l.⁰''

540 1496 633 1542 CO,
680 1480 891 1533 fossores
933 1483 982 1532 id
1024 1483 1264 1545 affequuti
1293 1484 1431 1549 sunt,
1473 1485 1600 1535 utin
1635 1485 1930 1542 Sepulcrum
1973 1482 2232 1550 paullatim

536 1544 640 1593 sese
683 1545 1021 1596 demitterent
1046 1587 1060 1610 ‚
1104 1550 1151 1598 &
1194 1549 1399 1600 tandem
1444 1549 1505 1598 ad
1541 1548 1889 1608 pavimentum
1930 1548 2081 1605 usque
2119 1561 2234 1603 per-

535 1608 805 1661 venirent.
869 1609 1225 1670 Elegantiffimi
1276 1614 1606 1663 Monumenti
1664 1612 1968 1661 interiorem
2014 1609 2231 1681 ‘prospe-

535 1670 694 1784 &ufir-ib,
738 1671 839 1724 five
870 1673 1304 1736 orthographiam
1334 1676 1530 1728 Tabula
1559 1677 1601 1728 Ι.
1643 1690 1882 1728 accurate
1922 1673 2231 1727 delineatam

537 1751 599 1783 ex
641 1752 652 1783 1
696 1750 776 1788 et.

1279 1881 1333 1939 ς.
1411 1879 1500 1927 11.

663 1992 824 2043 Otum
873 1993 1254 2046 Columbarium
1282 2035 1297 2059 ‚
1349 2011 1405 2047 ut
1450 1997 1648 2047 Tabula
1686 1994 1779 2046 III.
1823 1995 1984 2044 docet
2040 2011 2099 2046 G.
2144 2009 2178 2045 G
2206 1998 2227 2049 .'

693 2055 912 2106 lateritia
961 2056 1195 2107 struetura
1234 2060 1520 2118 constabat3
1564 2077 1742 2110 verum
1786 2055 1925 2108 tanta
1954 2097 1968 2121 ‚
2016 2076 2074 2108 ac
2118 2072 2225 2109 tam

532 2117 774 2180 exquisita
803 2134 908 2169 arte
939 2119 1284 2186 elaboratum,
1322 2137 1379 2172 ut
1417 2125 1667 2185 elegantia
1696 2121 1824 2184 ipsa,
1866 2125 1916 2174 ,δε
1959 2122 2226 2186 venustas,

529 2183 684 2244 longe
718 2183 887 2245 operis
929 2185 1188 2237 materiam
1231 2188 1522 2244 superaret.
1565 2194 1616 2234 (2)
1653 2187 1710 2235 In
1752 2185 1986 2237 inferiori
2033 2188 2224 2236 extima.

527 2262 669 2305 parte
689 2287 701 2308 ‚
732 2247 1156 2308 quemadmodum
1188 2251 1279 2301 alia
1321 2252 1611 2302 communia
1642 2250 1999 2312 Libertorum,
2030 2267 2086 2299 ac
2118 2268 2224 2300 me-

529 2310 718 2362 diocris
765 2312 913 2361 sortis
951 2310 1214 2362 hominum
1262 2315 1531 2378 Sepulcra‚
1567 2319 1621 2362 (3)
1663 2313 1791 2363 ultra
1832 2314 2091 2365 dimidium
2118 2354 2133 2377 ,
2170 2314 2225 2364 in

529 2374 693 2430 topho
742 2375 980 2424 exscisum
1013 2389 1151 2433 erat3
1192 2394 1339 2436 quam
1382 2395 1496 2426 cum
1525 2383 1770 2436 parietum
1816 2377 2025 2428 craffitie
2059 2378 2225 2428 osten-

530 2434 657 2485 dunt
685 2437 814 2486 Tab.
849 2436 950 2485 Ill.
981 2454 1041 2485 H.
1086 2457 1150 2488 H.
1194 2457 1252 2487 ac
1293 2440 1593 2497 sequentes.
1642 2440 1970 2495 Superiorem
2010 2441 2220 2500 hujusce

528 2499 842 2548 Columbarii
880 2512 1105 2561 partem,
1147 2518 1273 2558 quae
1317 2502 1588 2561 antiquitus
1622 2503 1671 2551 in
1713 2501 1839 2552 Viae
1872 2504 2076 2563 Appiae
2104 2504 2220 2554 solo

529 2563 875 2623 prominebat,
919 2562 967 2610 &
998 2565 1426 2628 conspiciebatur,
1466 2566 1882 2625 praecellentiori
1913 2583 2105 2631 opere,
2135 2585 2219 2617 ex-

529 2625 688 2675 terius
727 2627 944 2684 undique
984 2628 1281 2678 marmoreis
1320 2628 1499 2680 tabulis
1537 2630 1919 2688 circumseptam
1959 2629 2096 2681 fuisse
2131 2649 2219 2682 co-

528 2689 761 2739 niicimus
799 2707 863 2739 ex
900 2688 1121 2749 pluribus
1166 2707 1374 2759 magnae
1407 2693 1557 2745 molis
1600 2712 1627 2745 e
1669 2709 1924 2746 marmore
1965 2691 2219 2767 fragmen-

2058 2771 2154 2823 tis,

567 2899 622 2942 (ι)
647 2901 686 2934 In
703 2902 861 2944 pluribus
885 2901 1134 2946 sepulcrorum
1166 2904 1307 2939 Tabulis
1331 2908 1504 2951 inscriptis
1533 2906 1673 2943 notatur
1704 2911 1802 2944 locus
1830 2910 1892 2943 ubi
1923 2909 2102 2942 conditum
2129 2905 2211 2942 Mo-

523 2954 742 2982 numentum,
769 2946 922 2979 distantia
943 2947 983 2979 ab
1004 2947 1096 2980 Urbe
1110 2971 1118 2986 ,
1137 2959 1202 2988 qua
1223 2951 1490 2992 parte;dextra‚
1513 2964 1552 2985 an
1574 2953 1690 2993 laeva,
1709 2953 1741 2986 in
1761 2953 1860 2994 cujus
1879 2963 1962 2992 agro
1977 2975 1984 2989 ,
1998 2951 2054 2984 vel
2078 2949 2210 2990 fundo,

519 2988 665 3028 utapud
689 2988 881 3021 Gruterum
903 2999 991 3022 MLx
1005 3001 1059 3023 xx
1076 3003 1105 3023 1-
1132 3001 1161 3025 1.
1182 2993 1383 3027 Fabrettum
1409 2997 1509 3029 Inscr.
1524 2998 1603 3028 Ant.
1623 2997 1752 3035 Capu.
1766 3006 1842 3037 pag.
1865 3006 1915 3027 ιο.
1933 2993 2098 3027 Omnibus
2110 3005 2209 3027 corn-

519 3039 659 3069 pertum
686 3029 752 3069 est,
783 3033 911 3064 Vetera
947 3035 1180 3067 Romanorum
1212 3036 1377 3075 Sepulcra
1413 3039 1445 3070 in
1473 3049 1635 3079 agrorum
1666 3038 1851 3075 limitibus,
1875 3039 1905 3070 &
1930 3036 2024 3069 secus
2050 3037 2208 3075 publicas

518 3073 587 3105 vias
618 3073 801 3106 constituta
832 3075 945 3113 fuiss'e,
975 3088 1082 3115 quum
1112 3077 1188 3117 lege
1219 3090 1300 3111 ΧΗ.
1323 3079 1533 3115 Tabularum
1554 3105 1564 3119 ,
1598 3080 1833 3113 defunuorum
1864 3090 2013 3120 corpora
2046 3079 2080 3111 in
2109 3080 2208 3113 Urbe

517 3125 638 3153 urere,
657 3125 715 3149 aut
736 3116 878 3157 sepelire
903 3120 1050 3150 vetitum
1073 3119 1172 3158 enen
1197 3121 1239 3153 de
1260 3132 1329 3163 quo
1350 3133 1446 3156 more
1462 3123 1708 3156 Kirchmannus
1733 3124 1775 3156 de
1800 3123 1922 3156 Funer.
1952 3124 2053 3156 Rom.
2076 3122 2134 3155 lib.
2158 3122 2205 3156 11.

518 3169 593 3196 cap.
614 3168 665 3190 22.
683 3170 786 3197 quem
807 3160 847 3192 ab
864 3160 1122 3194 Atheniensibus
1141 3165 1309 3197 Romanos
1333 3166 1516 3205 accepisse,
1537 3165 1756 3206 Thucydidis
1779 3164 1994 3203 testimonio,
2016 3165 2120 3199 docet
2145 3166 2206 3199 Be-

516 3202 665 3233 nedielus
687 3202 876 3235 Averauius
899 3203 1031 3236 Dili‘crt.
1054 3215 1159 3238 xxm.
1177 3207 1210 3237 in
1233 3207 1396 3249 Thucyd.
1419 3219 1450 3240 n.
1475 3218 1504 3249 3.
1551 3208 1603 3250 (2)
1623 3208 1675 3240 De
1692 3207 1888 3248 hujusmodi
1924 3209 2099 3252 Sepulcris
2123 3208 2208 3243 vide

516 3244 717 3319 {abrettum
740 3245 842 3321 [Tigu
868 3246 1046 3322 Alutiquar.
1077 3249 1156 3290 Cap.
1183 3249 1250 3282 111.
1272 3259 1352 3293 pag.
1383 3259 1460 3292 205.
1510 3251 1563 3293 (3)
1601 3249 1690 3286 Vide
1717 3250 1981 3287 Kirchmannum
2006 3253 2051 3287 de
2080 3253 2206 3288 Funera

549 3298 742 3321 omanorum
777 3302 785 3322 1
813 3313 820 3321 .
846 3300 880 3322 11
906 3313 912 3321 .
934 3300 962 3322 c.
985 3300 1036 3331 15.
