2492 3888
256 549 340 607 qui
366 547 551 598 ibidem
597 540 771 601 postea
801 542 1047 594 collocari
1072 543 1358 608 debebant,
1388 558 1444 596 ut
1468 544 1680 600 inferius
1708 503 1943 603 veteriun

254 613 469 671 lapidum
497 606 792 658 auctoritate
822 607 1174 670 ostendemus;
1200 609 1252 660 in
1274 610 1452 670 quibus
1468 626 1676 673 reperta
1706 631 1943 680 corpora,

254 674 388 726 haud
429 685 685 721 cremata.

317 738 373 787 S.
442 734 794 804 Sarcophagus
838 748 1154 785 marmoreus
1191 736 1605 802 elegantisfimus,
1651 743 1943 794 Gratiarum

254 797 525 850 simulacris
565 797 619 846 in
661 797 834 847 medio
876 797 1227 847 loculamento
1266 814 1507 864 ornatus,
1547 803 1677 858 Tab.
1720 807 1812 858 Vl.
1860 808 1943 857 cui

253 861 494 921 subjeuae
537 875 684 911 erant
722 861 862 911 bases
896 878 924 909 e
953 861 1234 912 Tiburtino
1272 863 1438 920 lapide
1465 901 1479 925 ,
1522 867 1786 919 altitudine
1829 870 1942 920 fere

251 927 397 975 unius
434 925 615 984 palmi3
647 925 706 974 ab
744 924 936 986 angulis
965 925 1162 975 mediae
1203 925 1379 978 absidis
1405 945 1435 979 R
1455 966 1465 976 .
1494 940 1688 983 tantum
1720 933 1943 998 distabat,

252 1003 309 1039 ut
334 1003 478 1040 retro
523 989 798 1039 commode
831 989 941 1048 quis
975 988 1183 1039 transire
1213 988 1404 1049 poffet.

315 1052 396 1103 T.
464 1052 816 1114 sarcophagus
859 1068 1176 1104 marmoreus
1215 1054 1267 1102 in
1295 1054 1501 1117 medi0‚
1535 1055 1683 1121 Viri,
1722 1061 1771 1110 δε
1803 1060 1945 1109 Uxo-

248 1117 317 1167 ris
365 1117 628 1168 stemmate
672 1117 935 1179 infignitus
960 1156 974 1181 ,
1011 1119 1111 1168 &C.
1149 1117 1280 1168 Tab.
1318 1117 1460 1171 VIII.
1499 1134 1554 1171 B.
1598 1137 1742 1174 retro
1772 1137 1948 1173 tamen

247 1180 390 1232 nullo
414 1182 591 1233 reli810
618 1181 759 1241 spatii
789 1182 911 1232 loco
931 1221 945 1246 ‚
980 1195 1035 1232 ut
1065 1181 1267 1232 circuiri
1296 1182 1489 1243 posset.

313 1245 391 1296 V.
457 1247 681 1310 Cippus,
724 1245 827 1295 five
875 1262 959 1296 ara
1003 1262 1287 1296 marmorea
1315 1247 1377 1297 C.
1405 1247 1666 1300 Cosconio
1702 1250 1947 1300 Commo-

244 1308 660 1427 ,Ῥεὲοὶᾶἰῖοὶιῖας
711 1309 872 1370 posita
919 1323 1037 1360 ante
1087 1311 1462 1372 Sarcophagum
1508 1312 1590 1364 T.
1637 1313 1944 1374 descriptum

302 1391 323 1423 a
366 1415 377 1425 .
552 1416 562 1426 .
595 1389 649 1426 Β.

309 1437 393 1488 Χ.
464 1439 635 1502 Urna,
675 1437 764 1489 seu
812 1453 896 1487 ara
937 1454 1257 1500 marmorea,
1300 1439 1417 1491 Diis
1447 1441 1677 1492 Manibus
1725 1442 1811 1491 M.
1857 1442 1947 1492 UI-

244 1501 317 1560 pii
351 1503 642 1563 Menophili
685 1500 896 1564 Augusti
935 1502 1163 1566 Liberti,
1210 1502 1479 1563 Adjutoris
1515 1505 1946 1555 Procuratorum..

245 1565 308 1614 ab
348 1566 684 1619 Ornamentis
726 1566 917 1630 posita,
957 1567 1134 1617 Annio
1169 1566 1315 1618 Vero
1350 1568 1440 1618 III.
1472 1570 1520 1618 &
1561 1567 1724 1630 Eggio
1768 1569 1945 1619 Ambi-

242 1630 365 1681 bulo
392 1631 698 1684 Consulibus
728 1649 741 1688 ς
773 1632 855 1681 cui
882 1631 1036 1682 etiam
1064 1631 1276 1692 subjeeia
1311 1631 1576 1694 hypopasis
1605 1651 1632 1683 e
1665 1632 1943 1682 Tiburtino

242 1695 442 1758 lapide,
478 1697 675 1748 Tabula
715 1696 862 1749 XIV.
894 1711 951 1747 Β.

311 1758 387 1808 Y.
455 1760 595 1810 Urna
635 1763 688 1810 in
728 1762 940 1811 modum
979 1760 1152 1823 Arae,
1189 1762 1275 1814 seu
1314 1761 1466 1821 Cippi
1510 1759 1770 1820 confessa,
1807 1760 1942 1809 intus

248 1820 400 1880 plena
441 1825 680 1873 crematis
724 1822 938 1872 officulis
966 1861 981 1885 ,
1024 1825 1164 1881 cujus
1205 1826 1504 1884 operculum
1540 1841 1699 1881 prope
1746 1823 1944 1881 jacebat

248 1884 614 1945 semifraffimm
655 1884 951 1936 consecrata
998 1885 1114 1936 Diis
1158 1888 1390 1937 Manibus
1427 1885 1618 1935 Calami
1653 1883 1946 1950 Pamphilia-

243 1949 328 2010 ni,
374 1948 575 1999 Tiberii
607 1949 806 1999 Claudii
835 1947 1064 1998 Caesaris
1095 1949 1305 2011 Augusti
1337 1948 1662 2011 Germanici,
1697 1949 1851 1999 vilici
1881 1964 1946 1998 ex

245 2012 469 2063 Horreis
497 2011 741 2063 Lolli-anis
768 2049 782 2072 ‚
811 2010 941 2060 Tab.
988 2010 1105 2061 XV.
1136 2029 1187 2062 D.

309 2075 379 2125 Z.
413 2075 482 2127 Z.
512 2076 580 2126 Z.
661 2076 803 2127 Loca
845 2087 1090 2124 excavata
1129 2075 1178 2123 in
1222 2075 1520 2135 pavimento
1548 2112 1560 2136 ‚
1604 2074 1944 2133 superioribus

247 2141 323 2191 L.
371 2138 442 2189 L.
483 2139 555 2190 L.
600 2136 770 2189 similia
800 2176 814 2202 ‚
866 2137 929 2188 ad
980 2135 1333 2191 defuncstorum
1381 2153 1602 2198 corpora
1643 2139 1900 2189 obruenda
1928 2176 1944 2202 ‚

249 2217 307 2253 ut
339 2202 509 2260 paullo
538 2201 668 2252 infra
699 2202 927 2251 dicemus
951 2239 963 2250 .

310 2266 379 2315 A.
399 2266 468 2315 A.
537 2266 677 2327 Ara,
724 2262 825 2314 sive
866 2264 1059 2321 Cippus
1098 2265 1237 2315 humi
1265 2266 1471 2327 jacens,
1512 2279 1626 2313 cum
1657 2263 1944 2323 inscriptio-

245 2348 308 2383 ne
370 2328 505 2382 DIs.
563 2345 1126 2382 MANIB.1V1.1A13.
1178 2346 1465 2382 SEDATAE
1513 2331 1608 2380 &a
1656 2328 1800 2391 idest,
1839 2330 1945 2379 Diis

246 2400 461 2456 Manibus
499 2401 637 2452 Iuliae
680 2402 872 2453 Sedatae
906 2401 1003 2451 ὅτε.
1063 2402 1327 2453 reconditis
1378 2403 1505 2453 intus
1552 2398 1724 2452 offibus
1768 2417 1946 2453 crema·-

246 2475 314 2526 tis
335 2511 348 2533 ,
378 2472 509 2524 Tab.
536 2472 658 2525 XV.
689 2490 736 2524 c.

310 2537 377 2588 B.
399 2536 439 2588 B
458 2579 469 2590 .
540 2536 891 2599 Sarcophagus
915 2551 1232 2589 marmoreus
1257 2535 1390 2587 Tab.
1420 2534 1515 2586 IX.
1551 2551 1601 2586 A.
1630 2535 1843 2599 relatuS‚
1865 2553 1949 2597 pa-

245 2619 358 2653 rum
399 2619 428 2653 a
468 2603 665 2663 pariete
705 2602 918 2665 distanS,
961 2618 1171 2654 ornatus
1215 2601 1349 2652 virili
1386 2613 1631 2661 protome
1678 2601 1731 2650 in
1771 2601 1945 2651 medio

243 2667 541 2730 stemmate,
582 2666 693 2718 rudi
725 2680 897 2716 tamen
931 2667 1089 2724 prima
1124 2666 1377 2726 sculptura
1412 2662 1673 2726 expreffo3
1717 2665 1797 2714 cui
1819 2664 1947 2724 pari-

246 2744 330 2782 ter
347 2731 592 2782 subieetae
619 2731 758 2782 bases
777 2749 804 2782 e
823 2729 1098 2781 Tiburtino
1117 2732 1282 2791 lapide
1300 2771 1312 2783 .

308 2795 370 2847 C.
390 2795 465 2848 C.
535 2794 887 2855 sarcophagus
918 2810 1261 2859 marmoreus,
1304 2795 1356 2844 in
1382 2794 1521 2853 cujus
1554 2790 1728 2842 medio
1759 2790 1947 2842 locula-

249 2874 430 2910 mento
477 2859 701 2919 sculptus
749 2858 1016 2916 Meleager
1061 2872 1175 2909 ante
1219 2875 1355 2908 aram
1412 2856 1640 2927 ignitam·
1667 2854 1796 2927 stan-s
1825 2893 1839 2917 ,
1884 2870 1943 2904 ac

248 2922 564 2982 sacrificans;
609 2922 740 2973 Tab.
785 2921 880 2972 IX.
917 2935 971 2971 Β.
1031 2921 1294 2981 suppositis
1338 2921 1463 2969 item
1501 2937 1529 2968 e
1574 2917 1850 2990 Tiburtino
1878 2917 1944 2967 la-

247 2988 366 3046 pide
399 2989 525 3040 binis
552 2987 747 3039 basibus
772 3002 785 3046 ;
823 2986 874 3035 in
904 3004 1007 3046 quo
1036 3001 1378 3036 marmoreum
1404 2983 1651 3035 bisomum
1677 2994 1946 3033 mventum

254 3052 323 3100 est
342 3091 356 3113 ‚
387 3051 518 3103 Tab.
557 3052 652 3102 XI.
682 3068 716 3102 D
736 3092 746 3103 .
780 3050 1091 3101 delineatum
1110 3089 1120 3099 .
1704 3109 1716 3117 ·
1796 3109 1806 3118 ι

318 3114 503 3167 D.D.
545 3115 682 3167 Heic
717 3114 932 3175 positum
968 3113 1071 3165 Vas
1098 3111 1448 3174 Cinerarium,
1481 3110 1584 3162 sive
1616 3109 1898 3163 Ossuarmm
1928 3145 1943 3170 ,

255 3173 370 3229 ustis
395 3178 608 3232 officulis
637 3180 773 3233 intus
805 3178 1053 3231 refertum
1072 3215 1086 3242 ‚
1110 3176 1241 3228 Tab.
1260 3176 1382 3229 XII.
1409 3190 1454 3229 B.
1480 3174 1910 3290 reprafisegtggum
1929 3209 1941 3223 .
