2492 3888
809 639 903 677 Arat
930 635 1077 673 Falerni
1105 632 1206 671 mille
1235 632 1342 680 fundi
1353 631 1518 681 jugera,

806 691 855 726 Et
879 687 1031 735 Appiam
1057 685 1197 721 mannis
1225 687 1337 726 terit3

804 738 1051 786 Sedilibusqtte
1083 748 1230 783 magnus
1256 734 1434 785 imprimis
1461 747 1570 787 eques

800 790 932 826 Othone
953 798 1130 825 contemto
1145 787 1273 836 sedet.

700 837 900 877 Videlicet
920 837 1123 880 contemta
1144 838 1229 887 lege
1246 839 1290 876 ab
1310 838 1474 877 Othone
1495 836 1678 875 Tribuno
1696 837 1813 887 plebis
1837 836 1928 880 lata,
1951 849 2000 876 ne
2019 840 2105 888 quis
2131 839 2277 879 sederet

599 887 699 926 intra
736 889 1112 939 quartumdecimum
1148 890 1286 927 theatri
1323 888 1478 939 gradum
1493 914 1504 930 ,
1536 888 1601 926 nifi
1635 888 1742 936 cujus
1779 902 1851 928 avo
1889 891 2068 941 patrique
2107 893 2279 940 ingenuo

597 940 874 990 quadringenta
911 937 1071 978 sestertia
1104 939 1282 981 fuissent,
1309 939 1486 988 Ejusdem
1516 940 1693 979 Suetonii
1731 941 1960 979 auctoritate
1986 943 2027 979 in
2050 941 2277 993 Vespaliano

596 1003 630 1031 c.
658 1001 713 1035 23,
746 991 920 1043 superius
941 991 1162 1031 notavimus
1180 991 1389 1043 Ceryllum
1411 992 1612 1029 Libertum
1644 991 1853 1028 admodum
1875 993 2037 1030 divitem
2057 994 2103 1030 ad
2133 993 2279 1031 subter-

595 1040 821 1091 fugiendum
841 1044 1075 1093 quandoque
1098 1042 1156 1090 jus
1176 1043 1277 1086 fisci,
1316 1042 1529 1092 ingenuum
1555 1043 1592 1081 se
1609 1069 1618 1086 ‚
1637 1044 1674 1080 ἃ.
1694 1042 1903 1080 Lachetem
1917 1071 1925 1085 ,
1941 1053 2090 1082 mutato
2111 1045 2282 1085 nornine,
2338 1050 2340 1052 ’

597 1094 758 1142 coepiffe
780 1091 936 1134 efferre.
1182 1125 1185 1127 .
1364 1094 1366 1096 ’

700 1145 742 1180 In
778 1144 838 1183 his
868 1142 1032 1184 Titulis‚
1055 1143 1117 1193 qui
1148 1157 1170 1182 e
1200 1144 1406 1183 miserabili
1432 1143 1536 1182 clade
1565 1141 1806 1193 superfuere,
1826 1155 1909 1182 non
1936 1143 2024 1195 lego
2055 1146 2278 1197 ingenuita-

598 1204 678 1232 tem
718 1194 877 1233 feminis
917 1197 1043 1233 datam
1062 1223 1069 1231 .
1112 1194 1279 1232 Flavi-am
1317 1194 1558 1233 Domitillam
1585 1195 1804 1245 Vespalian‘i
1839 1196 2085 1245 Imperatoris
2113 1210 2280 1237 uxorein

595 1257 691 1283 mox
713 1245 939 1295 ingenuam,
962 1247 998 1285 ἃ
1018 1247 1141 1284 civem
1168 1248 1383 1285 Romanam
1400 1248 1445 1284 ab
1465 1258 1511 1283 eo
1534 1247 1825 1298 pronuntiatam
1863 1257 2053 1284 memorat
2073 1248 2280 1288 Suetonius

597 1295 659 1334 his
683 1299 810 1335 verbis
833 1298 874 1335 in
896 1296 1046 1347 Vespas,
1065 1310 1096 1336 c.
1125 1309 1157 1343 3.
1190 1301 1288 1337 Inter
1319 1298 1401 1335 haec
1422 1297 1586 1337 Flavium
1608 1298 1840 1336 Domitillam
1863 1298 1972 1337 duxlt
1991 1311 2153 1340 uxorem,
2168 1304 2280 1339 Stati-

593 1347 640 1384 lii
665 1349 819 1398 Capellae
843 1351 978 1401 equitis
1002 1351 1149 1389 Romani
1173 1352 1388 1396 Sabratensis
1419 1362 1464 1388 ex
1486 1350 1608 1399 Africa
1634 1351 1820 1390 delicatam
1850 1349 1933 1386 olim
1949 1377 1958 1393 ,
1982 1352 2228 1401 Litinaeque(
2243 1352 2280 1402 f.

596 1397 873 1452 Libertinaeque
897 1406 910 1449 )
937 1401 1168 1444 conditionis,
1184 1401 1257 1453 sed
1283 1412 1362 1440 mox
1381 1408 1573 1438 1NGENVAM
1593 1426 1604 1442 ‚
1631 1401 1686 1451 ὢν
1701 1407 1818 1441 civem
1837 1404 2031 1444 Romanam
2051 1414 2280 1454 recuperato-

593 1451 649 1488 rio
665 1448 805 1498 judicio
822 1453 1084 1502 pronuntiatam
1096 1477 1104 1486 .

698 1511 767 1538 IN.
794 1505 989 1543 Videlicet
1016 1513 1100 1540 INM
1118 1513 1245 1546 vnis,
1274 1502 1403 1542 ufitata
1433 1503 1476 1540 in
1505 1501 1666 1541 vetustis
1695 1504 1959 1542 monumentis
1995 1504 2200 1543 scribendi·
2220 1516 2280 1541 ra·

595 1547 724 1594 tione,
748 1551 797 1589 de
819 1567 894 1604 qua
918 1554 1207 1606 Qiinelilianus
1228 1554 1351 1594 Instit.
1377 1559 1525 1595 Orator
1557 1554 1640 1593 Lib.
1669 1567 1695 1594 i⁴
1713 1568 1744 1593 ci
1761 1567 1795 1603 7.
1826 1558 1869 1594 Et
1890 1565 2110 1598 INMVN18‚
2134 1556 2281 1596 illudit,

594 1603 693 1650 quod
710 1607 850 1644 veritas
877 1608 1012 1655 exigit,
1026 1609 1221 1657 sequ-emis
1231 1607 1394 1657 syllabae
1407 1608 1495 1657 sono
1521 1608 1668 1649 vidium,
1697 1619 1726 1642 M
1743 1605 1895 1656 gemitui
1928 1619 2186 1647 commutatur.
2218 1609 2280 1647 lta

593 1655 762 1694 collatus,
792 1657 827 1694 δε
849 1657 1013 1698 allecha,
1039 1671 1111 1708 pro
1128 1660 1311 1699 conlatus,
1344 1661 1381 1697 ἅ.
1401 1660 1556 1698 adlec‘ius
1579 1659 1754 1698 scribitur
1770 1691 1778 1700 ,

596 1751 606 1758 ,
692 1716 1094 1746 A.REG10Nissvs.
1126 1721 1231 1747 VRB·
1263 1710 1375 1752 idest,
1407 1718 1562 1751 VRB15;
1593 1723 1634 1748 ut
1658 1705 2278 1760 colligiturexsequentiTitulo,

594 1765 638 1789 m
661 1766 741 1802 quo
773 1769 856 1795 non
883 1761 1168 1809 compendiaria
1202 1762 1317 1802 nota,
1351 1760 1412 1799 sed
1445 1760 1588 1810 integr-3
1626 1761 1812 1809 scripturii
1842 1761 2077 1811 exprimitur
2112 1767 2247 1796 vanis
2268 1790 2279 1800 ,

595 1804 720 1854 Qale
740 1819 825 1845 nam
850 1808 969 1848 fuerit
988 1810 1061 1847 hoc
1083 1812 1252 1851 officium
1281 1824 1305 1848 A
1330 1822 1413 1851 neo
1429 1823 1440 1848 i
1455 1821 1628 1849 oNissvs
1650 1823 1704 1848 vn
1720 1821 1761 1845 ni
1782 1820 1797 1844 s
1827 1809 1868 1845 in
1890 1811 2054 1848 Libertis
2076 1810 2175 1846 hisce
2200 1812 2280 1846 Au-

593 1854 689 1903 gusti
704 1883 713 1897 ‚
741 1869 824 1894 non
841 1861 951 1896 facile
974 1861 1076 1898 dictu
1097 1862 1166 1904 est,
1192 1875 1279 1900 cum
1308 1863 1413 1899 nulla
1437 1863 1484 1896 de
1504 1874 1553 1898 eo
1575 1863 1757 1899 habeatur
1778 1861 1925 1897 mentio
1947 1861 1986 1897 in
2008 1861 2177 1908 antiquis
2197 1860 2279 1907 jam.

592 1905 706 1944 editis
737 1911 1024 1950 monumentis,
1051 1923 1124 1949 nec
1148 1911 1374 1961 explicetur
1393 1925 1411 1950 a
1436 1911 1560 1950 doctis
1579 1913 1697 1953 vii·is;
1721 1913 1861 1960 quibus
1883 1912 2065 1950 haetenus
2094 1911 2281 1959 incogni-

593 1964 676 1992 tum
701 1957 797 1995 fuit.
828 1961 979 2012 Qibus
1005 1972 1133 2000 tamen
1148 1975 1314 2013 cumque
1335 1975 1472 2013 potero
1491 1963 1722 2009 comesturis
1751 1959 1929 1999 illustrare
1951 1965 2126 2000 conabor
2142 1988 2151 2003 ‚
2180 1972 2276 2010 quae

597 2007 740 2061 tamdiu
759 2009 932 2058 placeant
947 2039 957 2054 ‚
985 2013 1109 2051 donec
1130 2013 1173 2050 ab
1196 2014 1359 2055 eruditis
1382 2013 1677 2063 Antiquitatum
1696 2013 1911 2051 cultoribus
1931 2015 2094 2052 certiora
2108 2037 2116 2052 ‚
2136 2024 2180 2048 ac
2196 2023 2275 2049 me-

594 2055 690 2093 liora
711 2059 752 2094 in
781 2061 947 2097 inedium
979 2062 1205 2105 afferantur,
1495 2065 1499 2067 ’

696 2109 856 2146 Certum
873 2138 881 2152 ,
900 2112 936 2148 δε
960 2122 1202 2162 compertum
1221 2116 1271 2153 est
1296 2113 1457 2164 spatium
1481 2113 1596 2152 Urbis
1635 2115 1679 2152 ab
1704 2113 1872 2163 Augusto
1904 2113 2065 2152 divisum
2093 2111 2202 2150 fuiffe
2232 2113 2275 2152 in

593 2167 736 2198 xiiii.
758 2159 970 2208 Regiones,
994 2171 1035 2198 ut
1056 2174 1243 2202 memorat
1269 2167 1365 2205 Dio,
1389 2176 1434 2202 ac
1446 2166 1646 2202 Suetonius
1663 2176 1684 2201 c
1710 2176 1767 2209 30.
1787 2165 1898 2211 cujus
1912 2167 2003 2203 haec
2017 2164 2105 2201 sunt
2130 2163 2240 2200 verba
2258 2183 2270 2205 ‚-

591 2210 759 2258 Spatium
789 2222 914 2249 VRBlS
937 2216 976 2251 in
1002 2224 1225 2252 REGIONES
1252 2218 1419 2266 vicosque
1434 2216 1570 2264 divifim
1595 2217 1841 2265 instituitque,
1868 2229 1904 2253 ut
1934 2218 2012 2254 illas
2028 2218 2136 2252 ammi
2156 2215 2272 2262 magi-

590 2264 723 2301 ,flratus
738 2260 876 2310 sortito
893 2273 1100 2306 merentum
1127 2266 1186 2303 hos
1211 2267 1512 2316 magiflrie‘plebe
1540 2268 1711 2317 cujusque
1739 2268 1892 2304 viciniae
1916 2268 2034 2304 eleHi.
2071 2265 2155 2301 Has
2178 2277 2276 2316 qua*

591 2310 814 2350 tuordecim
848 2313 1029 2363 antiquae
1057 2315 1173 2353 Urbis
1200 2317 1394 2365 Regiones
1423 2327 1593 2356 accurate
1629 2316 1844 2366 deleriplit,
1880 2316 1918 2354 &
1946 2314 2175 2367 ampliffimo
2194 2342 2202 2357 ,
2231 2328 2275 2353 ac

592 2361 874 2402 laboriofiffimo
897 2367 1174 2404 commentario
1197 2367 1475 2419 interpretatus
1494 2364 1541 2403 est
1564 2370 1800 2418 Onuphrius
1835 2367 2064 2409 Panvin'ius4
2087 2376 2207 2416 atque
2231 2379 2278 2405 ex

591 2426 639 2449 eo
659 2417 855 2461 johannes
885 2414 1041 2454 Rofinus
1067 2418 1367 2468 Antiquitatum
1387 2419 1650 2456 Romanarum
1682 2419 1764 2456 Lib.
1792 2429 1821 2455 1.
1845 2431 1926 2469 cap.
1955 2431 2009 2465 13.
2041 2419 2079 2456 &
2104 2418 2278 2455 Thomas

594 2462 842 2511 Dempsterus
871 2468 1030 2503 eruditis
1065 2468 1108 2504 in
1143 2471 1322 2507 eumdem
1350 2470 1481 2509 notis.
1520 2470 1627 2507 Idem
1657 2468 1849 2520 Augustus
1875 2472 1920 2507 ad
1949 2473 2135 2508 tuendam
2167 2469 2278 2505 Urbis

593 2522 772 2549 aeternae
793 2513 1046 2561 dignitatem,
1077 2517 1113 2554 δε
1143 2519 1185 2553 ad
1217 2518 1458 2566 splendorem
1489 2519 1706 2565 augendum
1737 2520 1862 2566 aliqua
1895 2532 1998 2558 nova
2022 2517 2146 2556 officia
2168 2529 2277 2556 com-

592 2573 750 2600 mentus
768 2563 817 2599 est
831 2589 839 2603 ,
860 2573 902 2599 ut
924 2565 1024 2601 idem
1038 2565 1302 2614 'Tranquillus
1329 2578 1458 2603 narrat
1476 2579 1507 2601 c.
1531 2578 1590 2612 37,
1617 2569 1780 2618 ‚Quoque
1802 2569 1927 2617 plures
1944 2582 2089 2618 partem
2113 2570 2275 2607 admini-

586 2613 756 2659 strandae
775 2615 998 2662 Reipublicae
1019 2626 1201 2665 caperent,
1222 2631 1309 2656 nova
1327 2617 1434 2666 officia
1461 2619 1708 2667 excogitavi„
1729 2631 1853 2656 curam
1876 2632 2016 2670 operum
2033 2620 2273 2669 publicorum,

595 2669 762 2706 viarum,
787 2678 991 2716 aquarum,
1017 2668 1107 2705 alvei
1126 2669 1284 2711 Tiberis,
1310 2670 1491 2716 frumenti
1510 2670 1632 2719 populo
1651 2668 1850 2711 dividendi,
1858 2672 2120 2720 praefebiuram
2148 2673 2273 2718 Urbis,

599 2716 891 2755 Triumviramm
909 2719 1049 2768 legendi
1058 2719 1237 2768 senatun
1267 2721 1323 2768 &⁴
1342 2721 1500 2759 alterum
1527 2722 1788 2770 recognoscendi
1811 2735 1943 2761 turmas
1973 2724 2157 2772 equitum,
2180 2735 2272 2772 quo-

593 2767 817 2816 tiescumque
843 2781 923 2819 opus
942 2771 1043 2818 eſjet.
1074 2770 1262 2809 Adversus
1281 2771 1462 2809 incendia
1474 2773 1651 2810 excubias
1675 2773 1901 2813 nocturnas,
1918 2773 2144 2823 Vigilesque
2164 2785 2274 2811 com·

593 2827 750 2854 mentus
775 2817 842 2858 est,
874 2820 965 2857 teste
993 2822 1241 2869 praelaudato
1277 2823 1464 2860 Suetonio
1497 2822 1539 2860 in
1572 2822 1740 2873 Augusto
1764 2836 1796 2868 c,
1827 2835 1881 2868 30.
1923 2825 2077 2862 Horum
2098 2821 2272 2872 vigilum

594 2868 819 2911 Cohoroes,
841 2882 939 2920 quae
963 2871 1078 2909 Urbis
1101 2873 1527 2923 tutelaeinvigilaient,
1551 2875 1587 2912 ὅ(
1609 2873 1809 2916 incendia,
1841 2874 1864 2912 si
1884 2876 2042 2926 quando
2059 2875 2273 2918 evenirent,

592 2921 893 2968 extinguerent,
922 2930 988 2958 v11
1027 2921 1129 2959 fuiffe
1159 2924 1296 2962 diserte
1333 2925 1538 2963 ostendunt
1564 2925 1812 2963 Florentinae
1840 2936 2070 2965 marmoreae
2097 2923 2273 2965 Tabulae

591 2970 633 3005 in
663 2970 830 3009 Urbanis
854 2971 994 3009 Hortis
1015 2974 1062 3014 D,
1091 2974 1332 3013 Marchionis
1357 2976 1543 3018 Corfinii,
1571 2989 1662 3025 quas
1687 2976 1732 3013 ab
1753 2978 1934 3015 omnibus
1952 2974 2099 3013 mendis
2120 2987 2272 3024 expur-

593 3031 716 3066 gatas,
740 3023 777 3060 ὃς
803 3021 1088 3062 accuratissimus
1118 3026 1295 3064 dedimus
1318 3028 1358 3064 in
1384 3027 1507 3065 Prima
1530 3028 1636 3067 Parte
1668 3027 1974 3078 Inscriptionuin
2006 3025 2271 3074 Antiquarum

594 3071 769 3111 Etruriae
791 3071 947 3110 Urbium
974 3087 1055 3124 pag.
1084 3088 1167 3124 125.
1185 3089 1223 3117 n,
1254 3088 1310 3120 13·
1330 3078 1367 3115 &
1392 3089 1471 3128 pag.
1500 3091 1583 3128 129,
1610 3090 1649 3114 n.
1679 3090 1734 3123 14.
1765 3079 1810 3115 In
1838 3077 1918 3113 aliis
1944 3075 2060 3113 etiam
2089 3077 2132 3113 fit
2156 3090 2266 3116 men-

592 3121 650 3159 tio
676 3122 852 3162 Praefeeii
872 3125 1110 3163 cohortium
1137 3127 1334 3174 vigilum.
1363 3129 1552 3166 Urbanam
1575 3127 1847 3166 muffet-lusam
1872 3126 2031 3166 confilio
2062 3129 2268 3167 Maecena-

593 3172 644 3210 tis
665 3173 920 3225 sapientissimi
942 3175 1011 3212 viri
1040 3176 1227 3219 instituit,
1252 3177 1564 3228 continuamque
1594 3189 1641 3214 ex
1671 3177 1900 3227 temporaria
1931 3178 2048 3221 fecit,
2078 3180 2266 3229 primuin-

587 3235 661 3272 que
681 3228 857 3263 omnium
880 3228 1058 3263 eumdem
1081 3226 1562 3278 Maecenatem,equestris
1580 3227 1752 3271 ordinis,
1768 3228 1999 3268 Praefeelum
2022 3230 2134 3268 Urbis
2159 3242 2263 3268 crea-

592 3276 670 3321 vit,
697 3289 740 3317 ut
763 3286 894 3315 narrat
915 3278 993 3314 Dio
1013 3274 1106 3318 Hist.
1132 3278 1246 3318 Rom.
1271 3278 1354 3319 Lib.
1380 3288 1459 3319 LIV,
1487 3277 1668 3319 l’mcfeffi
1704 3278 1824 3320 Urbis
1854 3280 2016 3332 plurima
2049 3281 2172 3320 officia
2200 3293 2262 3320 re-

2075 3333 2212 3373 censet
