2492 3888
666 481 691 511 2

566 478 751 587 guiitur
781 522 838 574 L.
873 520 1131 575 Servaeno
1160 523 1385 583 Olympo
1417 524 1627 574 Liberto
1667 521 1943 574 fidelissimo
1970 525 2244 580 Tabulario

564 590 916 650 Tignariorum
936 628 949 651 ‚
977 603 1033 638 ut
1060 589 1333 648 legendum
1367 601 1492 646 puto
1511 627 1522 637 .
1567 588 1703 638 Hinc
1730 588 1844 637 data
1872 589 2056 652 servis,
2083 592 2132 640 δε
2165 609 2247 641 an-

566 655 694 703 cillis
710 655 962 703 interdum
980 653 1226 701 libertasa
1243 652 1479 714 dominis,
1499 667 1558 702 ea
1581 651 1879 703 conditione
1897 692 1911 715 ,
1936 667 1993 704 ut
2021 654 2116 705 suis
2143 672 2251 705 mo-

566 718 852 778 numentis,
877 716 1084 766 alternis
1109 715 1390 779 mensibus,
1416 716 1676 766 lucernam
1705 718 2081 780 accenderent,
2108 719 2156 767 &
2175 718 2251 769 so-

561 780 732 829 lennia
775 779 956 829 mortis
996 793 1329 841 peragerent.
1374 783 1435 833 (1)
1462 780 1742 842 Lucernis,
1781 779 1970 833 facibus
1998 822 2010 845 ‚
2041 781 2250 842 lychnu-

563 843 700 906 chis,
736 842 1052 903 lampadariis
1080 844 1308 894 addenda
1336 842 1448 893 sunt
1484 843 1784 895 candelabra
1827 847 1971 896 valde
2007 847 2252 908 operosa,

563 922 621 956 ac
650 906 1019 970 pulcherrima,
1052 924 1180 967 quae
1221 909 1274 958 in
1312 905 1513 958 funebri
1552 908 1739 969 pomp'a
1783 908 2135 960 defunctorum
2172 927 2251 960 ac-

563 972 718 1021 cendi
769 972 1037 1030 solebant3
1086 987 1215 1030 quae
1254 970 1557 1033 frequenter
1603 973 1656 1023 in
1696 973 2054 1033 sepulcralibus
2096 974 2248 1025 Urnis

561 1034 752 1097 sculpta
777 1035 1183 1096 conspiciuntur.

1316 1227 1356 1283 §.
1425 1229 1492 1280 X.

644 1413 1045 1468 Plendidioribus
1070 1416 1394 1469 Libertorum
1412 1455 1425 1480 ,
1469 1432 1528 1467 ac
1555 1416 1832 1468 Servorum
1860 1433 2057 1470 L1v1AE
2087 1432 2249 1468 Ava-

678 1494 804 1531 STAE
834 1481 1101 1541 perspectis
1125 1481 1496 1545 Monumentis,
1527 1483 1587 1531 ad
1615 1482 1842 1534 minores
1862 1483 2026 1534 Urnas
2045 1521 2058 1545 ‚
2076 1484 2124 1532 δε
2143 1485 2251 1532 Ae·-

558 1544 782 1606 diculas,
830 1545 931 1595 five
976 1562 1128 1605 parva
1154 1545 1508 1609 Columbaria,
1559 1546 1612 1594 in
1650 1547 1825 1605 quibus
1860 1547 2012 1598 Ollae
2058 1547 2253 1596 cinera-

556 1608 660 1657 riae
689 1609 990 1658 reconditae
1023 1609 1255 1673 fucrant,
1286 1610 1493 1672 gradum
1525 1608 1754 1661 facimus.
1792 1611 2017 1664 Pluribus
2058 1608 2247 1680 ordini-

557 1671 649 1721 bus
680 1672 739 1720 ab
768 1672 872 1723 imo
913 1672 975 1722 ad
1016 1675 1289 1737 summum,
1337 1688 1395 1724 ut
1432 1673 1575 1734 supra
1619 1675 1834 1725 diximus
1864 1714 1878 1738 ,
1918 1674 2249 1725 Columbaria

553 1734 739 1793 ubique
779 1736 1013 1796 dispofita
1049 1738 1492 1798 conspiciebantur
1534 1756 1626 1798 per
1669 1739 1924 1801 parietes,
1962 1754 2089 1800 quae
2115 1751 2244 1808 ‚tum

552 1812 768 1856 propter
794 1801 1083 1860 elegantem
1112 1802 1416 1852 coronidem
1435 1841 1448 1863 ,
1474 1816 1582 1851 tum
1606 1816 1821 1862 propter
1847 1803 2082 1852 eximiam
2112 1814 2250 1849 mter

555 1861 606 1910 se
654 1861 1060 1926 fimilitudincm,
1090 1866 1395 1914 concinnam
1435 1867 1862 1929 proportionem,
1905 1867 1953 1915 &
1985 1864 2251 1924 aequalem

552 1923 865 1988 distantiam,
892 1927 1159 1978 mirificum
1200 1928 1509 1978 intuentium
1551 1929 1712 1981 oculis
1752 1929 2000 1993 aspectum
2043 1928 2254 1988 praebe-

552 1987 675 2038 bant
694 2028 707 2050 ,
743 1991 1173 2047 quemadmodum
1202 1991 1444 2042 testantur
1469 1990 1601 2043 Tab.
1628 1992 1667 2042 I.
1712 2010 1841 2052 quae
1885 1992 2105 2043 univerfi
2132 1992 2250 2039 Mo-

552 2053 788 2101 numenti
836 2054 1139 2104 interiorem
1177 2055 1614 2115 Orthographiam
1654 2057 1862 2105 exhibet
1891 2095 1905 2118 ,
1947 2057 2072 2105 item
2113 2052 2246 2104 Tab.

556 2114 651 2165 ΙΙΙ.
691 2115 965 2166 Γεᾶἲίοῃεηῑ
1005 2118 1160 2176 partis
1197 2119 1524 2168 Monumenti
1555 2119 1829 2169 Meridiem
1867 2120 2041 2170 versus
2084 2117 2249 2167 conti-

551 2194 715 2237 nens;
744 2196 891 2237 quam
925 2181 1178 2230 denotant
1203 2181 1276 2232 lit.
1307 2195 1389 2234 RB.
1422 2183 1474 2231 in
1502 2181 1698 2232 Tabula
1727 2182 1791 2233 II.
1819 2181 2246 2242 Ichnographica.

550 2241 805 2292 Frontem
836 2244 1010 2295 versus
1035 2244 1224 2294 Ortum
1265 2246 1485 2295 ostendit
1511 2245 1642 2296 Tab.
1667 2246 1757 2297 IV.
1792 2247 1932 2306 cujus
1976 2245 2252 2295 sefflonem

551 2306 785 2356 indicant
818 2306 871 2355 in
907 2307 1086 2357 eadem
1115 2308 1314 2357 Tabula
1353 2308 1763 2370 Ichnographica
1797 2310 1872 2362 lit.
1905 2322 1990 2364 QG.
2036 2309 2248 2359 alteram

551 2367 782 2419 frontem
822 2370 884 2420 ad
924 2371 1177 2422 Occasum
1204 2371 1334 2422 Tab.
1363 2372 1429 2423 V.
1462 2372 1827 2424 commonstrat
1858 2413 1872 2437 ,
1914 2373 2055 2433 cujus
2097 2373 2250 2423 seffio

552 2431 718 2483 literis
746 2447 804 2483 D.
834 2448 890 2485 D.
918 2435 969 2482 in
999 2434 1177 2484 eadem
1209 2434 1617 2493 Ichnographica
1642 2436 1840 2485 Tabula
1867 2438 2183 2497 designatur.

619 2495 880 2554 Quoniam
911 2495 1061 2555 igitur
1098 2497 1151 2544 hi
1191 2496 1348 2544 loculi
1389 2513 1482 2554 per
1522 2497 1743 2554 parietes
1782 2501 2065 2556 aequaliter
2094 2496 2250 2547 distri-

552 2557 697 2619 buti,
739 2557 920 2607 ordine
952 2559 1119 2607 crebri
1154 2572 1325 2620 erant,
1353 2559 1403 2607 &
1434 2560 1648 2610 arcuatis
1677 2560 1871 2610 cellulis
1896 2560 2253 2621 peristerotro-

553 2620 793 2680 phiorum
827 2620 928 2670 five
972 2621 1399 2671 columbariorum
1445 2623 1657 2672 omnino
1690 2622 1872 2674 fimiles
1913 2663 1926 2686 ,
1961 2625 2121 2688 (nam
2159 2624 2251 2675 Ol-

554 2686 712 2735 larum
745 2686 1100 2743 prominentes
1131 2702 1288 2745 cupae
1307 2724 1320 2748 ,
1352 2687 1400 2734 &
1428 2686 1669 2746 opercula
1699 2688 1957 2738 columbas
1982 2688 2033 2736 in
2061 2686 2156 2737 suis
2183 2688 2250 2737 Ia-

553 2747 726 2798 tibulis
760 2747 1082 2799 nidificantes
1112 2748 1455 2814 referunt)ea
1481 2750 1545 2800 de
1575 2749 1843 2814 cauffa,ob
1879 2752 2145 2802 maximam
2176 2750 2251 2801 in—

553 2827 636 2862 ter
664 2812 715 2861 se
750 2812 1124 2863 fimilitudinem
1152 2813 1477 2863 Columbaria
1515 2813 1626 2864 sunt
1656 2816 1891 2874 appellati
1921 2855 1934 2878 ,
1976 2829 2033 2866 ut
2084 2814 2248 2874 liquet

555 2893 621 2926 ex
656 2874 882 2934 plurimis
923 2876 1157 2927 Ollarum
1197 2877 1387 2927 Titulis
1417 2917 1432 2940 ,
1472 2878 1523 2927 in
1564 2878 1740 2936 quibus
1776 2878 2102 2931 Columbaria
2143 2879 2250 2937 plu-

554 2939 675 3002 rali,
712 2940 762 2989 &
805 2938 1035 3000 fingulari
1077 2958 1292 2991 numero
1339 2941 1666 2993 vocitantur.
1706 2944 1794 2994 Ab
1831 2944 1909 2994 his
1935 2941 2104 3004 parvis
2142 2942 2249 2994 Co-

552 3003 814 3054 lumbariis
850 3004 1090 3054 universo
1135 3005 1378 3065 Sepulcro
1404 3045 1418 3069 ‚
1458 3022 1518 3056 ac
1557 3007 1903 3058 Monumento
1931 3018 2247 3057 coLvMBARll

556 3083 755 3119 nomen
793 3064 970 3117 fabium
998 3087 1206 3128 quoque
1245 3069 1434 3131 legitur
1473 3070 1527 3119 in
1567 3070 1774 3123 vetustis
1801 3069 2040 3135 Tabulis,
2075 3090 2250 3131 quem-

1906 3134 2180 3186 admodum

549 3194 865 3276 mssgmfflslgdgffini
885 3196 1088 3240 responsum
1110 3195 1208 3232 affert
1230 3197 1378 3234 Guther.
1394 3197 2128 3244 deJureMan.Lib.11.c.11.ex1.Maevia
2149 3201 2247 3237 D.de
