2492 3888
526 571 874 673 ad²811tramque
904 610 1149 662 maxillam
1186 621 1354 659 narrat
1393 607 1659 659 Diodorus
1690 607 1799 660 Lib.
1832 623 1987 658 xvm
2010 647 2022 671 ,
2049 623 2203 670 agens

526 680 592 729 de
625 678 768 729 mulis
808 677 861 725 in
900 691 1049 725 CUI'I‘U
1090 671 1409 735 Alexandri,
1449 684 1506 722 καὶ
1543 684 1610 732 παῤ
1641 685 1798 734 ἑκατέραν
1829 690 1891 722 τῶν
1918 686 2074 736 σιαγόνων
2111 683 2202 735 εἶχεν

529 751 724 802 ἐξῃρημένον
746 749 871 791 κώδωνα
889 757 1032 803 mucram
1072 740 1126 794 ἐφ
1150 742 1213 791 ad
1229 753 1458 804 utramque
1482 737 1710 789 maxillam
1736 737 1948 789 habebant
1975 744 2205 806 appensum

527 808 862 867 tintinuabusuin
903 831 958 865 ex
1004 829 1134 864 auro.
1177 811 1406 862 Ceterum
1441 810 1664 861 dofluaria
1694 812 1925 880 jumenta,
1967 813 2014 862 δι’
2053 810 2207 862 boves

528 885 951 948 tintinnabulum,
982 881 1404 944 quemadmodum
1444 881 1492 930 &
1529 880 1716 944 hodie,
1754 881 1889 933 collo
1932 881 2198 942 appensum

529 948 809 1000 habebant.
836 951 886 994 (¹)

594 1013 828 1072 Sequitur
860 1011 1131 1060 marmorei
1162 1006 1464 1069 sarcophagi
1490 1008 1756 1075 eleganter
1779 1008 1931 1057 striati
1959 1007 2204 1067 fragmen-

527 1088 634 1125 tum
663 1077 714 1124 in
745 1074 923 1125 eadem
949 1073 1144 1123 Tabula
1177 1074 1252 1122 lit.
1284 1090 1338 1121 c.
1374 1073 1512 1129 quod
1543 1074 1768 1130 praefert
1797 1072 2059 1136 Gorgonis
2087 1071 2206 1120 hor-

526 1137 726 1189 rificum
758 1153 905 1197 caput
931 1137 1109 1186 alatum
1130 1175 1142 1199 ,
1171 1135 1300 1185 truci
1330 1136 1536 1196 obtutu,
1566 1135 1910 1194 obrigentibus
1941 1134 1989 1181 in
2028 1136 2201 1183 fronte

528 1202 720 1261 capillis
739 1240 752 1263 ‚
784 1201 1139 1261 assurgentibus
1168 1200 1293 1248 binis
1323 1199 1590 1259 anguibus,
1621 1198 1788 1247 caudis
1818 1198 1868 1246 in
1897 1197 2083 1244 nodum
2118 1197 2203 1246 sub

525 1279 705 1316 mento
740 1265 994 1325 religatis3
1036 1281 1138 1322 quo
1185 1278 1394 1313 veteres
1434 1260 1782 1310 defunfiiorum
1814 1277 2015 1318 quoque
2047 1260 2205 1318 sepul-

526 1346 644 1391 cra,
674 1344 851 1389 urnaS,
893 1328 941 1376 &
968 1343 1072 1376 aras
1107 1325 1408 1384 frequenter
1444 1325 1733 1373 muniebant
1772 1337 1951 1372 contra
1989 1322 2206 1372 violato-

526 1409 643 1450 res;
675 1392 725 1440 in
752 1408 938 1452 eoque,
965 1391 1126 1440 veluti
1157 1387 1418 1439 favorabili
1447 1388 1700 1449 amuleto,
1729 1386 1876 1436 ineffe
1905 1387 2005 1436 vim
2036 1403 2205 1443 quam-

525 1455 641 1505 dam
671 1455 732 1503 ad
759 1453 1002 1514 abigenda
1032 1453 1256 1512 pericula
1278 1491 1291 1514 ,
1335 1453 1383 1500 &
1409 1452 1471 1501 ad
1499 1452 1820 1501 securitatem
1859 1449 2202 1510 praestandam

524 1517 795 1578 putabant.
832 1517 1069 1577 Virgilius
1115 1533 1228 1565 cum
1270 1515 1375 1565 aliis
1415 1513 1631 1563 ferarum
1667 1513 1896 1563 monstris
1927 1515 2202 1573 Gorgonas

526 1580 762 1631 custodes
797 1580 847 1628 in
891 1581 1020 1630 Orci
1049 1578 1239 1630 foribus
1267 1577 1548 1640 constituit,
1591 1577 1876 1629 Aeneidum
1919 1577 2072 1625 Libro
2116 1593 2200 1627 VI.

525 1662 575 1695 v.
605 1647 711 1708 289,
740 1661 842 1701 quo
871 1643 922 1691 in
949 1643 1070 1693 loco
1110 1655 1257 1693 notat
1299 1641 1498 1691 Servius
1537 1642 1805 1699 sequentes
1846 1642 1943 1689 hos
1973 1639 2145 1689 versus
2172 1655 2200 1690 a

522 1708 679 1760 Po'e'ta
705 1706 1009 1767 reli&os‚ab
1028 1708 1133 1766 ejus
1166 1705 1574 1755 emendatoribus
1602 1705 1817 1754 sublatos
1845 1702 2010 1752 fuiffe:

808 1772 1020 1840 Gorgonis
1046 1774 1090 1822 in
1117 1772 1252 1821 medio
1272 1781 1526 1836 portentum
1551 1771 1740 1824 ,immane
1765 1769 1988 1831 Medusae,

803 1844 1013 1907 Vipereae
1038 1846 1196 1892 circum
1225 1859 1305 1891 ora
1330 1858 1498 1902 comae,
1525 1843 1590 1889 cui
1599 1840 1728 1905 sibila
1762 1851 1991 1906 torquent,

800 1913 1074 1981 Infamesque
1095 1914 1238 1980 rigent
1266 1910 1369 1961 oculi
1385 1925 1633 1978 ,mentoque
1652 1909 1733 1977 fitb
1756 1914 1840 1961 imo

804 1986 1059 2053 Serpentum
1082 1984 1291 2037 extremis
1315 1982 1536 2035 nodantur
1560 1984 1729 2035 vincula
1756 1982 1927 2034 caudis.

980 2135 1478 2191 TABULA
1618 2137 1757 2190 XII.

587 2275 647 2327 In
661 2274 973 2336 Fragmento
1000 2287 1259 2325 extremae
1292 2275 1444 2334 partis
1460 2274 1701 2323 dexterae
1730 2272 2000 2321 marmorei
2029 2270 2203 2322 Sarco-

523 2341 675 2402 phagi
721 2340 793 2389 lit.
841 2352 870 2384 c
900 2378 910 2389 .
957 2336 1153 2388 Faunus
1196 2337 1402 2388 nebride
1442 2338 1643 2387 indutus
1686 2335 2020 2398 conspicitur,
2057 2334 2201 2387 laeva

522 2421 672 2453 manu
710 2416 928 2462 tenens,
969 2403 1017 2451 &
1058 2402 1110 2450 in
1152 2401 1368 2450 humero
1408 2399 1578 2449 ferens
1617 2416 1826 2457 puerum
1860 2399 2095 2448 Liberum
2117 2399 2203 2449 Pa-

521 2479 658 2515 trem
701 2464 956 2522 Nymphis
991 2463 1346 2522 nutriendum,
1386 2476 1441 2509 ut
1482 2463 1531 2508 in
1575 2461 1788 2519 Hymnis
1828 2461 2075 2522 Homeri,
2114 2463 2200 2520 qui

521 2527 740 2586 Orpheo
770 2524 1052 2573 tribuuntur
1072 2561 1084 2584 ,
1114 2525 1162 2571 &
1187 2523 1315 2581 apud
1351 2522 1626 2571 Pausaniam
1647 2524 1735 2582 ‚(2)
1763 2522 1811 2571 δε
1840 2523 2101 2579 Ovidium3
2136 2521 2196 2574 [3]

521 2589 700 2640 dextra
731 2589 942 2636 brevem
970 2586 1191 2653 thyrsum
1218 2586 1376 2646 gerit,
1395 2603 1508 2635 cum
1526 2585 1708 2643 duplici
1739 2584 1937 2642 cuspide
1957 2582 2086 2634 teffli
2109 2585 2197 2634 he-

522 2651 754 2703 deraceis
783 2647 1101 2708 superpositis
1130 2648 1278 2698 soliis.
1309 2649 1394 2697 Ad
1424 2648 1581 2707 pedes
1609 2648 1863 2696 decumbit
1891 2648 1993 2707 ejus
2020 2665 2198 2698 comes

523 2716 801 2776 Panthera,
824 2730 949 2771 quae
981 2712 1085 2761 vini
1115 2712 1392 2761 amiciffima
1425 2712 1522 2774 est,
1552 2713 1599 2760 &
1628 2713 1676 2759 in
1706 2710 1891 2760 Bacchi
1920 2712 2103 2761 tutela.
2138 2711 2198 2762 [4]

523 2779 583 2829 In
623 2776 983 2839 elegantiffimo
1022 2792 1309 2826 marmoreo
1340 2775 1497 2837 Vase‚
1532 2774 1669 2833 quod
1695 2775 1899 2833 Caietae
1945 2776 2196 2838 cernitur,

525 2842 770 2902 Salpionis
803 2839 1130 2890 Atheniensis
1167 2857 1320 2900 opus,
1343 2840 1402 2889 (5)
1430 2839 1646 2897 sculptus
1677 2837 1742 2887 est
1773 2836 2196 2901 Bacchusinfans,

521 2907 605 2965 qui
633 2906 835 2955 affertur
864 2903 1167 2953 aMercurio
1198 2902 1486 2953 educandus
1514 2902 1845 2951 Leucotheae
1870 2915 2195 2964 materterae,

522 2985 650 3028 quae
682 2969 895 3028 primum
927 2967 1081 3016 ubera
1112 2983 1272 3026 puero
1301 2967 1472 3023 dedit3
1517 2983 1666 3024 quem
1695 2966 2002 3014 comitantur
2035 2965 2196 3025 Nym-

521 3033 651 3093 phae
670 3070 684 3097 ,
713 3033 763 3083 &
790 3029 943 3079 Fauni
972 3030 1288 3093 plaudentes,
1305 3029 1522 3093 tympani
1543 3067 1555 3092 ,
1574 3045 1630 3078 ac
1668 3029 1895 3077 tibiarum
1922 3026 2084 3143 sonAq'·
2104 3091 2134 3140 d

2053 3109 2098 3141 iu

568 3178 620 3222 (x)
646 3177 741 3211 Idem
764 3176 956 3211 Schefferus
974 3178 1016 3210 de
1033 3178 1081 3209 Re
1102 3175 1313 3212 Vehic.Lib.
1343 3176 1387 3209 11.
1412 3186 1440 3209 c.
1461 3186 1489 3208 2.
1513 3174 1602 3207 Vide
1626 3172 1890 3208 Observationes
1915 3172 1947 3205 in
1967 3172 2051 3205 Vasa
2074 3175 2196 3207 Vitrea

520 3221 719 3256 coemeter.
745 3231 818 3262 pag.
836 3231 886 3261 73.
953 3220 1003 3261 (2)
1024 3220 1060 3252 In
1082 3219 1260 3254 Laconicis
1294 3232 1324 3253 c.
1345 3230 1397 3258 24.
1466 3217 1518 3259 (3)
1543 3215 1777 3258 Metamorph-
1809 3215 1882 3248 Lib.
1905 3215 1977 3248 111.
2014 3216 2138 3249 Pabula
2168 3225 2199 3257 3.

520 3266 571 3306 (4)
602 3264 855 3306 V.Oppianum
867 3264 1033 3306 Cyneget.
1046 3262 1121 3296 Lib.
1138 3271 1190 3293 ιν.
1204 3262 1404 3295 pantheram
1421 3261 1570 3293 Bacchus
1587 3258 1797 3300 inequitatin
1822 3259 1922 3291 Num.
1937 3269 2024 3292 max.
2047 3258 2195 3301 m.apud,

520 3308 572 3342 Cl.
594 3309 638 3344 V.
654 3307 877 3343 Vaillantium
888 3317 968 3351 pag.
982 3317 1034 3341 21.
1054 3305 1103 3348 (5)
1143 3304 1263 3342 Edidit
1283 3303 1427 3348 sponius
1450 3303 1484 3339 in
1514 3302 1658 3339 Miscell.
1686 3301 1768 3337 Sed}-
1789 3300 1836 3337 11.
1856 3312 1934 3346 pag·
1953 3310 2009 3342 ις.
