2492 3888
673 492 731 541 50

1331 611 1371 667 §.
1439 601 1551 653 IX.

606 728 1132 909 QUandoquidem
1171 746 1276 781 non
1304 746 1458 788 pauca
1496 730 1548 778 in
1574 728 1816 789 superiori
1844 727 2151 792 Paragrapho
2181 732 2271 781 dis-

607 876 624 907 1

775 794 1013 844 seruimus
1042 795 1103 843 de
1131 794 1282 845 Urnis
1310 807 1416 843 tum
1458 790 1678 842 fietilibus
1699 832 1711 855 ,
1748 807 1854 842 tum
1882 795 2058 845 vitreis
2088 833 2101 855 ,
2142 812 2267 853 quae

628 875 659 906 n
702 858 921 918 *epuleris
951 859 1101 907 condi
1129 858 1353 908 solebant
1377 896 1390 918 ,
1419 856 1778 915 supervacuum
1807 855 1890 906 hic
1928 856 2124 908 fortasse
2164 876 2268 907 non

609 923 707 973 erit
754 922 992 972 nonnulla
1033 921 1301 971 observare
1342 922 1474 970 circa
1501 920 1800 979 sepulcrales
1840 922 2123 984 Lucernas,
2152 939 2270 980 quas

608 986 720 1037 satis
757 987 1000 1044 superque
1046 985 1276 1048 constat,
1328 1002 1433 1034 non
1483 983 1641 1034 solum
1695 982 1906 1042 sculptas
1962 986 2011 1034 in
2060 1002 2273 1035 marmo*

608 1052 710 1100 reis
751 1050 870 1100 Aris
899 1088 911 1112 ,
952 1049 1000 1097 &
1034 1047 1205 1106 Cippis
1247 1065 1339 1107 pro
1378 1047 1675 1108 insignibus,
1711 1062 1767 1095 ac
1812 1046 2042 1099 feralibus
2083 1050 2272 1108 symbo-

608 1113 667 1163 lis
697 1152 710 1175 ,
751 1115 805 1163 (ι)
852 1129 1026 1161 verum
1068 1112 1218 1159 etiam
1267 1112 1527 1172 religionis
1567 1109 1740 1171 causa,
1781 1109 1830 1158 in
1873 1110 1984 1169 ipfis
2022 1112 2269 1172 Sepulcris

608 1176 898 1226 reconditas
939 1173 1107 1235 fuisse,
1151 1190 1260 1223 cum
1298 1173 1659 1237 lacrymatoriis
1696 1173 1904 1222 vasculis
1935 1212 1947 1234 ,
1985 1176 2267 1234 ceterisque

605 1240 794 1289 urnulis
825 1277 838 1298 ,
883 1255 1005 1297 quac
1061 1237 1109 1284 in
1168 1238 1398 1288 omnibus
1451 1236 1559 1286 sere
1610 1236 1959 1302 Monu‘mentis
2012 1238 2273 1287 inveniun-

606 1317 686 1351 tur
706 1342 716 1352 .
766 1301 886 1352 Usus
917 1302 1048 1350 enim
1087 1300 1372 1350 includendi
1405 1301 1635 1350 lucernas
1661 1298 1715 1346 in
1749 1299 2015 1362 sepulcris,
2043 1318 2138 1349 nec
2169 1302 2274 1350 Ae-

605 1366 787 1425 gyptiis
824 1404 837 1428 ,
882 1363 1091 1414 Graecis
1124 1402 1137 1425 ,
1175 1363 1395 1413 Etruscis
1424 1403 1436 1426 ,
1476 1362 1721 1413 Romanis
1749 1401 1763 1424 ,
1807 1363 2015 1422 ipsisque
2059 1364 2273 1422 antiquis

605 1427 910 1478 Christianae
951 1427 1235 1487 Religionis
1275 1428 1551 1477 cultoribus
1594 1427 1796 1486 ignotus
1825 1464 1837 1486 ,
1875 1426 1960 1476 sed
2000 1422 2265 1486 frequens.

603 1500 659 1543 (2)
704 1492 844 1541 Duas
873 1505 1064 1540 tantum
1096 1489 1264 1541 fiC‘tiles
1303 1492 1532 1542 lucernas
1571 1489 1623 1537 in
1666 1488 1767 1538 hoc
1811 1490 2151 1541 Monumento
2194 1490 2274 1539 Li-

603 1553 864 1604 bertorum
907 1555 1105 1605 Domus
1143 1554 1393 1617 Augustae
1432 1556 1662 1605 inventas
1709 1552 2030 1604 exhibemus.
2081 1553 2271 1613 Prima,

604 1617 798 1666 Tabula
851 1617 1042 1668 XVIII.
1097 1618 1168 1668 lit.
1220 1634 1275 1669 E.
1317 1618 1596 1680 unilychnis
1639 1614 1707 1665 est
1741 1655 1753 1677 ‚
1807 1632 1986 1667 ornatu
2036 1634 2141 1666 non
2181 1616 2270 1664 sm-

605 1681 788 1741 gulari3
831 1681 985 1730 altera
1012 1697 1139 1731 vero
1170 1682 1297 1732 Tab.
1330 1683 1422 1734 XI.
1454 1684 1525 1732 lit.
1559 1697 1620 1731 A.
1657 1686 1912 1737 ἐνδεχάλυχνος,
1951 1680 2165 1730 undenis
2204 1679 2272 1738 ly-

608 1744 776 1804 chnis,
807 1744 855 1792 Sc
884 1741 1075 1793 corona
1103 1747 1354 1808 quercea,
1380 1746 1649 1806 interjeffls
1677 1747 1871 1808 baccis,
1900 1743 2160 1804 eleganter
2192 1758 2271 1791 or-

605 1806 743 1855 nata.
783 1808 1017 1865 Quercus
1044 1811 1316 1867 longaevas
1343 1810 1438 1859 efl'e
1465 1815 1701 1867 putarunt
1730 1823 1937 1859 veteres
1955 1844 1967 1867 ,
2001 1822 2270 1863 earumque

605 1870 760 1919 vitam
800 1870 1057 1927 aequalem
1084 1871 1179 1920 ess'e
1223 1873 1356 1919 vitae
1401 1871 1750 1930 Nympharum
1780 1871 2073 1921 existimavit
2103 1868 2273 1917 Pinda-

603 1950 714 1992 rus,
747 1935 802 1978 (3)
835 1934 901 1982 ob
939 1950 1147 1992 eamque
1192 1935 1381 1983 causam
1417 1934 1789 1995 Hamadryadas
1829 1933 2089 1992 appellari.
2136 1934 2270 1991 Qua-

603 2013 660 2044 re
701 1997 749 2043 in
783 1998 1133 2052 perpetuitatis
1177 1997 1392 2058 signum,
1431 1999 1480 2046 &
1521 2000 1770 2048 emblema
1799 2012 2067 2055 querceam
2101 1994 2268 2043 corol-

603 2057 732 2118 lam,
755 2057 1010 2115 glandibus
1045 2057 1312 2119 resertam‚
1344 2060 1550 2121 quibus,
1586 2075 1642 2109 ut
1670 2059 1957 2121 fingebant,
1996 2074 2149 2107 aureo
2191 2073 2271 2105 ae—

605 2137 675 2170 vo
703 2119 848 2178 prisci
884 2120 1116 2170 homines
1143 2120 1506 2185 vescebantur,
1542 2123 1659 2172 huic
1699 2120 2080 2181 elegantissimae
2106 2120 2269 2170 lucer-

606 2198 701 2231 nae
740 2182 953 2231 additam
995 2198 1247 2233 autumare
1287 2184 1440 2241 licet3
1489 2202 1634 2244 quam
1679 2187 1830 2235 etiam
1876 2183 2113 2243 pensilem
2154 2181 2269 2231 fuis-

607 2246 656 2294 se
691 2243 936 2294 foramina
965 2247 1096 2294 circa
1126 2263 1337 2296 vacuum
1378 2247 1644 2298 ostendere
1674 2249 1934 2298 videntur.
1974 2244 2271 2305 Huiusmodi

607 2308 694 2357 vel
733 2306 934 2371 fistiles,
972 2309 1055 2358 vel
1080 2326 1259 2360 aeneas
1292 2310 1523 2361 lucernas
1551 2326 1666 2361 ante
1702 2310 2000 2370 sepulcrales
2042 2309 2270 2360 Ollarum

608 2370 813 2420 Titulos
856 2371 996 2430 supra
1037 2372 1218 2432 singula
1269 2372 1592 2424 Columbaria
1631 2375 1774 2433 hujus
1824 2374 2148 2424 Monumenti
2191 2389 2272 2431 ap-

608 2433 783 2490 pensas
813 2431 946 2481 fuisse
979 2436 1274 2483 coniicimus
1304 2452 1368 2483 ex
1393 2438 1563 2484 aeneis
1589 2438 1777 2498 clavis,
1808 2436 2106 2493 aduncisque
2134 2435 2270 2484 lami-

609 2495 736 2543 nulis
772 2532 784 2554 ,
829 2511 952 2551 quae
1005 2496 1055 2543 in
1096 2498 1364 2552 parietibus
1405 2498 1760 2553 prominebant
1812 2496 1919 2545 fere
1970 2498 2141 2545 uncias
2189 2512 2265 2544 1v.

609 2570 725 2605 ante
763 2557 1027 2614 inscriptos
1055 2557 1291 2614 Titulos;
1331 2575 1449 2614 quas
1474 2559 1800 2609 indicavimus
1839 2558 2033 2607 Tabula
2062 2557 2181 2608 XX.
2214 2558 2269 2607 li-

608 2632 718 2668 tera
754 2635 807 2667 F.
849 2635 902 2668 F.
946 2619 1119 2668 Credo
1161 2621 1392 2678 equidem
1433 2638 1515 2670 eas
1553 2623 1837 2672 accendere
1868 2620 2154 2670 convenisse
2185 2637 2266 2670 an-

610 2696 661 2731 te
706 2682 971 2749 cinerarias
1008 2682 1151 2732 Ollas
1180 2722 1193 2745 ,
1245 2698 1300 2732 ut
1342 2698 1571 2736 mortuos
1619 2686 1809 2735 summo
1864 2683 2124 2733 afficerent
2175 2683 2266 2734 ho—

609 2761 736 2793 nore
778 2745 828 2792 in
865 2745 1058 2794 inferiis
1088 2784 1100 2805 ,
1156 2764 1212 2795 ac
1252 2746 1538 2797 solennibus
1578 2747 1914 2807 parentalibus
1959 2744 2221 2796 Sacrificiis
2251 2787 2262 2798 .

610 2808 746 2858 Nam
775 2824 887 2857 cum
917 2809 1043 2858 haec
1071 2808 1434 2874 Monumenta,
1470 2824 1649 2870 utpote
1681 2812 1961 2873 Hypogea,
2000 2809 2122 2858 idest
2164 2809 2267 2859 sub-

1974 2885 2206 2922 terranea

649 2999 703 3040 (1)
723 2999 813 3032 Vide
833 2998 1020 3032 Gruterum
1042 3010 1180 3032 Dccxm.
1206 3010 1228 3032 1.
1251 3010 1424 3034 ncccrxV.
1447 3005 1499 3035 18.
1523 3002 1773 3036 Dccctxvn.6·
1790 3001 1945 3033 Monum.
1960 2998 2161 3039 Dempstero
2184 3000 2264 3034 add·

605 3042 689 3075 Tab.
708 3052 861 3075 Lxxxlv.
884 3051 914 3073 n.
935 3052 963 3073 2-
1006 3043 1054 3083 (ε)
1079 3042 1311 3076 Consulendus
1322 3044 1510 3077 (Eutherius
1527 3047 1570 3078 de
1587 3048 1668 3087 Jure
1693 3046 1781 3077 Man.
1800 3042 1873 3076 Lib.
1896 3043 1939 3074 11.
1954 3053 1981 3074 c.
2009 3052 2060 3082 32.
2084 3042 2266 3077 Fortunius

606 3086 746 3118 Licetus
787 3084 829 3116 de
862 3085 1021 3117 Lucernis
1047 3085 1120 3116 Lib.
1157 3085 1193 3117 11-
1220 3086 1311 3118 Vide
1345 3086 1444 3118 etiam
1478 3087 1752 3130 Explicationes‚
1780 3087 1810 3117 &
1834 3083 2048 3124 Conjenuras
2072 3085 2112 3117 ad
2138 3085 2265 3119 Monu-

605 3137 717 3160 menta
738 3125 880 3159 Etrusca
900 3128 1007 3167 Operi
1026 3126 1278 3166 Dempsteriano
1298 3127 1414 3160 addita
1433 3140 1509 3169 pag.
1528 3139 1576 3171 39.
1622 3129 1677 3170 (3)
1696 3127 1801 3167 Apud
1822 3125 2044 3161 Plutarchum
2068 3127 2110 3160 de
2131 3128 2264 3165 Oracu-

606 3168 718 3203 lorum
743 3168 895 3204 defectu.
922 3169 1011 3202 Vide
1036 3168 1246 3203 Benedicium
1266 3170 1475 3207 Averanium
1498 3171 1633 3205 Diss'ert-
1651 3181 1778 3204 xxxvi.
1800 3181 1830 3204 n.
1850 3179 1876 3204 1.
1897 3169 1931 3204 in
1952 3169 2158 3212 Virgilium.
