2492 3888
668 531 687 554 2

617 533 818 611 ι95τιὶνετ,
844 565 965 608 Idest;
992 573 1200 603 srnvcroa.
1223 566 1385 604 Struc'lor
1404 563 1543 603 Servus
1566 566 1715 617 peritus
1732 567 1819 602 artis
1837 565 1988 616 optime
2006 564 2242 606 incidendo-

560 634 645 662 rum
668 617 936 659 obsoniorum‚·
966 619 1100 667 vulgo,
1127 618 1353 655 Trinciante.
1385 615 1571 653 Martialis
1593 618 1675 655 Lib.
1697 628 1739 654 x.
1762 617 1887 667 Epigr.
1913 621 1976 665 48.

762 673 809 710 Et
831 683 921 722 quae
943 683 1007 708 non
1024 669 1263 717 egeantftrro
1276 666 1462 712 strufloris
1480 667 1618 715 qtelke.

560 735 674 772 quem
707 722 902 768 Juvcnalis
924 724 995 760 Sat.
1032 731 1064 756 v.
1095 718 1188 759 vers.
1221 728 1305 757 120.
1335 717 1656 756 Chironomonta
1683 717 1828 756 volanti
1860 716 2018 758 cultello
2052 717 2240 769 appellat.

561 778 579 824 (
594 775 800 812 Trinciante
815 785 880 822 per
906 774 988 809 aria
1003 771 1036 817 .)
1054 773 1086 808 S.

661 822 804 860 Chium
822 822 1069 870 jubatianuin
1096 820 1258 871 Augusti
1285 820 1519 860 Structorem
1538 819 1699 857 exhibet
1724 820 1921 860 Gruterus
1944 828 2177 859 Dtxxxur.
2204 833 2238 858 2.

559 873 607 911 C.
637 873 868 911 Memmium
893 872 1093 910 Theorum
1119 873 1249 910 Severi
1279 873 1434 921 Augusti
1461 871 1693 910 Structorem
1727 872 1918 910 Reinesius
1937 871 1999 909 ΕΙ.
2034 885 2064 911 1.
2092 883 2127 907 ιι.
2148 883 2235 917 259.

560 924 628 974 qui
650 924 701 961 ibi
725 925 851 973 plura,
873 935 1064 974 notatque
1088 925 1316 964 struerorem
1342 935 1495 971 quoque
1519 922 1630 959 illum
1654 920 1782 962 suilie,
1813 925 1880 973 qui
1910 922 2051 962 fercula
2087 923 2240 958 mensae

559 976 662 1012 illata
687 975 972 1025 componebat,
995 977 1033 1014 &
1051 975 1270 1015 ordinabat,
1299 972 1437 1012 scifl'ori
1471 972 1795 1023 praeministrans.
1823 975 1951 1012 Alium
1972 973 2124 1012 Claudii
2141 974 2239 1010 Cae-

557 1027 649 1064 saris
679 1027 841 1075 Augusti
864 1027 1100 1064 Structorem
1127 1026 1323 1075 depromit
1351 1025 1391 1061 in
1428 1024 1626 1073 sepulcrali
1652 1023 1795 1060 Titulo
1815 1037 1929 1063 eruto
1950 1026 1990 1062 in
2016 1025 2088 1060 Via
2111 1024 2242 1074 Appia

557 1077 620 1114 Cl.
649 1090 704 1117 xx.
730 1090 769 1118 n.
791 1091 851 1126 94,
877 1080 1098 1128 Apliareum
1117 1078 1236 1125 Juliae
1260 1075 1445 1124 Augustae
1471 1074 1665 1112 Lbet-tum
1690 1072 1976 1120 Opsonatorem
1997 1075 2174 1112 dedimus
2200 1085 2241 1110 in

557 1115 792 1166 Floren'tino
809 1129 932 1179 lapide
953 1139 1033 1179 pag.
1057 1140 1098 1173 23
1112 1140 1141 1173 3.
1155 1140 1191 1166 n.
1208 1139 1266 1172 25.
1286 1139 1400 1175 quem
1418 1126 1533 1162 modo
1555 1123 1783 1161 intercidili'e
1800 1138 1888 1163 cum
1903 1126 2035 1175 paucis
2051 1128 2156 1163 valde
2169 1125 2242 1162 do·

554 1178 618 1217 leo
635 1208 643 1218 .
670 1188 865 1217 STRVCTOR
884 1181 1031 1218 dicitur
1048 1179 1162 1214 etiam
1178 1178 1298 1216 Faber
1316 1177 1599 1212 caementarius
1616 1191 1624 1214 ·‚
1650 1176 1683 1211 il
1701 1176 1908 1218 Mur-ame.
1937 1178 1980 1214 ln
2010 1177 2244 1214 Florentino

557 1228 680 1278 lapide
697 1242 779 1278 pag.
808 1243 890 1277 154-
916 1244 955 1267 n.
983 1235 1038 1268 80.
1059 1237 1226 1265 STVCTOR
1250 1237 1504 1265 PARIETARIVS.
1534 1229 1598 1265 Ne
1617 1224 1662 1262 ab
1683 1225 1944 1275 Augustorum
1970 1227 2099 1266 mensa
2121 1228 2243 1266 disce-

556 1281 928 1324 dam,1Nv1rATOREM
947 1281 1118 1319 exhibeo
1139 1280 1182 1317 in
1202 1278 1407 1330 sequenti,

954 1381 1083 1423 CCII.
1700 1379 1847 1419 CCIII.

652 2151 708 2188 Ita
734 2150 969 2201 supplendus
985 2151 1048 2188 hic
1070 2152 1255 2194 Titulus‚·
1279 2153 1463 2205 Philippus
1482 2155 1645 2205 Caefitris
1664 2151 1841 2203 (Augusti
1861 2155 2034 2193 Invitator
2054 2153 2114 2194 dat
2132 2152 2242 2191 Hila-

553 2215 617 2242 rae
637 2205 726 2252 suae
752 2204 889 2243 ostam,

660 2254 1062 2303 mquAToR,²x7in¹wp.
1098 2266 1245 2293 vocator
1274 2255 1322 2293 asi
1343 2268 1484 2293 cenam.
1514 2253 1704 2303 Augustus
1738 2265 1904 2305 namque
1934 2254 2077 2292 amicos
2100 2254 2244 2292 invita--

552 2304 642 2346 bat,
667 2306 816 2343 Sueton
847 2316 879 2341 c.
901 2318 959 2351 74,
981 2319 1040 2352 7¹·
1063 2304 1098 2342 δε
1114 2317 1235 2354 paene
1261 2306 1364 2342 nulli
1382 2306 1565 2343 invitanti
1590 2305 1750 2356 negabat
1766 2333 1775 2348 ,
1800 2319 1842 2345 ut
1872 2308 1975 2357 apud
2005 2305 2247 2345 Macrobium

553 2357 739 2395 Saturnal.
770 2356 856 2396 Lib.
880 2357 908 2393 l.
933 2370 963 2398 c,
990 2370 1023 2402 4,
1048 2368 1166 2406 quare
1185 2367 1398 2407 exceptusa
1417 2359 1583 2408 quodam
1602 2358 1696 2395 cenfi
1719 2356 1806 2396 satis
1822 2357 1953 2409 parmi,
1976 2357 2010 2395 δ(
2033 2357 2247 2407 qualiquo-

552 2407 716 2449 tidian³313
737 2405 814 2456 post
835 2408 994 2455 epulum
1014 2409 1143 2456 inops,
1173 2408 1210 2445 δε
1242 2406 1316 2445 fine
1340 2409 1420 2445 ullo
1443 2419 1627 2459 apparatu
1652 2408 1868 2453 discedens,
1896 2409 2131 2448 valedicenti
2162 2409 2245 2446 hoc

554 2468 708 2496 tantum
729 2456 997 2496 insusurravit.-
1024 2462 1098 2497 Non
1114 2460 1278 2508 putabam
1298 2473 1354 2498 me
1376 2461 1444 2499 tihi
1469 2462 1804 2509 mmflzmiliarem.

657 2510 695 2544 ln
717 2508 968 2546 celeberrimo
989 2509 1153 2546 Gruteri
1182 2509 1381 2547 Thesauro
1404 2523 1502 2548 unus
1527 2522 1677 2548 tantum
1698 2512 1930 2561 Agathopus
1950 2510 2144 2549 Invitator
2159 2511 2240 2547 Au·

553 2554 648 2603 gusti
675 2570 907 2593 memoratur
928 2572 964 2606 p.
988 2568 1164 2595 Dxcvxii.
1182 2563 1217 2598 6,
1235 2561 1272 2595 ὃ(
1297 2562 1335 2595 in
1356 2560 1592 2596 Florentino
1619 2561 1747 2598 Musei
1774 2562 1919 2599 Gaddii
1940 2574 2022 2610 pag,
2054 2574 2132 2607 ¹95·
2155 2572 2188 2595 n.
2204 2564 2239 2598 8.

556 2607 723 2644 Tertius
746 2607 807 2642 hic
834 2609 1031 2656 Philippus
1049 2608 1219 2645 Caesaris
1236 2608 1394 2656 Augusti
1422 2611 1614 2645 Invitator
1641 2611 1775 2657 prodit
1803 2613 1844 2646 in
1877 2611 2019 2647 lucem.
2049 2610 2241 2646 Invitato-

558 2667 643 2693 rum
670 2657 839 2694 officium
861 2657 1037 2707 expreffit
1060 2666 1234 2694 CHRISTVS
1257 2659 1446 2696 Dominus
1465 2659 1564 2707 apud
1589 2658 1828 2697 Matthaeum
1847 2658 1933 2710 Cap
1959 2670 2021 2696 xxr
2037 2672 2066 2696 1.
2092 2659 2129 2696 &
2156 2662 2238 2698 Lu—

555 2719 638 2744 cam
660 2710 755 2758 cap.
778 2720 865 2747 xiv.
888 2710 921 2745 A
946 2708 1074 2746 Plinio
1099 2707 1182 2748 Lib.
1205 2719 1316 2747 xxxv.
1337 2711 1432 2760 Cap.
1461 2723 1518 2747 10.
1544 2712 1744 2753 Vocatores,
1768 2710 1812 2747 ab
1827 2711 2037 2748 Ammiano
2057 2710 2130 2748 Lib
2146 2723 2237 2753 xiv,

554 2760 839 2797 Nomenclatores
869 2759 1050 2797 dicuntur
1072 2785 1082 2800 ,
1119 2760 1225 2807 quod
1270 2762 1426 2798 nomina
1459 2772 1594 2798 eorum
1616 2788 1624 2802 ‚
1647 2763 1717 2810 qui
1749 2762 1796 2799 ad
1832 2773 1966 2800 cenam
1990 2758 2146 2798 fuerant
2165 2773 2237 2799 vo-

554 2811 647 2850 cati,
670 2813 895 2850 recitarent,
931 2811 1033 2847 Vide
1073 2809 1296 2859 pignorium
1322 2823 1403 2861 pag.
1431 2821 1490 2855 53.
1517 2813 1552 2849 &
1585 2825 1644 2860 54.
1682 2811 1730 2848 de
1759 2811 1915 2854 Servis.
1963 2814 2011 2850 In
2043 2810 2237 2850 conv1viis

553 2860 709 2897 invitari
732 2872 892 2910 quoque
910 2860 1087 2898 solebant
1106 2863 1296 2898 convivae
1314 2863 1358 2899 ad
1380 2862 1588 2900 bibendum
1611 2863 1656 2900 ab
1683 2862 1853 2905 arbitris,
1882 2864 1919 2902 &
1939 2862 2118 2914 magistris
2141 2875 2237 2901 con-

555 2910 767 2952 viviorum,
789 2922 834 2948 ut
853 2924 901 2949 ex
923 2912 1124 2950 Macrobio
1146 2911 1341 2962 colligitur
1360 2913 1545 2950 saturnal.
1562 2914 1645 2954 Lib,
1670 2914 1722 2950 11.
1744 2926 1775 2951 c.
1799 2919 1832 2955 8,
1855 2916 1901 2952 In
1921 2915 2059 2952 eximio
2082 2913 2240 2951 Floren-

552 2963 644 2999 tino
668 2975 858 3000 marmore
879 2974 965 3011 pag.
992 2970 1076 3009 316.
1099 2975 1137 3001 n.
1168 2965 1229 3010 64.
1253 2963 1361 3013 quod
1392 2965 1511 3001 exstat
1527 2964 1566 3001 in
1585 2964 1738 3003 aedibus
1759 2965 1964 3005 Nobilium
1986 2964 2237 3014 Rodulphio-

551 3014 965 3056 rum,decernitur‚ut
984 3013 1184 3052 Natalibus
1216 3014 1378 3063 Augusti
1400 3042 1408 3057 ‚
1437 3017 1474 3053 &
1501 3015 1652 3054 Tiberii
1682 3015 1876 3054 Caesarum
1895 3042 1904 3057 ‚
1941 3013 2157 3065 priusquam
2192 3016 2239 3053 ad

552 3063 786 3102 vescendum
805 3074 944 3105 eant‚a
958 3065 1243 3105 Decurionibus
1263 3066 1393 3106 thure,
1415 3066 1451 3104 &
1472 3067 1568 3106 vino
1586 3067 1705 3104 Genii
1718 3078 1850 3103 eorum
1865 3068 1907 3103 ad
1927 3065 2161 3116 epulandum
2176 3069 2237 3104 ara

553 3116 727 3153 numinis
762 3115 921 3164 Augusti
944 3116 1184 3157 invitentur.
1215 3117 1449 3155 Consonant
1470 3119 1566 3155 haec
1586 3129 1673 3154 cum
1692 3116 1851 3165 Augusti
1870 3118 2038 3156 decreto,
2059 3119 2125 3165 qui
2148 3117 2238 3154 san-

553 3168 632 3208 xit,
654 3177 695 3203 ut
711 3166 930 3223 priusquam
950 3169 1178 3205 Senatorum
1199 3168 1340 3216 aliquis
1360 3167 1591 3210 consideret,
1612 3168 1747 3205 thure.
1763 3167 1799 3204 &
1822 3180 1925 3206 mero
1947 3169 2178 3220 supplicaret
2192 3168 2238 3207 ad

551 3228 652 3255 aram
673 3230 753 3266 eius
784 3219 881 3261 Dei,
905 3218 947 3256 in
969 3219 1073 3266 cujus
1090 3217 1240 3270 templo
1256 3219 1451 3258 coiret-ar.
1476 3218 1578 3257 Vide
1595 3220 1697 3260 Suet.
1717 3219 1756 3261 in
1776 3219 1950 3270 Augusto
1967 3233 1999 3259 c.
2021 3231 2172 3312 32C1V

2035 3278 2070 3310 k,
2174 3297 2185 3307 .
