2492 3888
528 531 675 642 mags,
718 572 767 621 δε
819 585 1091 636 argenteae
1130 570 1324 619 tabulae
1357 606 1370 629 ,
1421 568 1595 617 addito
1634 562 1761 616 anulo
1801 573 1931 614 aureo
1982 576 2078 612 cum
2117 574 2205 612 me·-

528 643 634 692 tiore
665 655 840 707 gemma
870 656 882 697 3
932 652 1055 695 quae
1094 635 1216 692 poni
1246 633 1482 702 jubentur
1507 631 1572 678 ‘in
1604 634 1898 685 conditorio
1947 630 2202 682 Aemiliae

527 708 860 760 Artemifiae.
899 698 1273 757 sarcophagum
1302 695 1525 753 superlus
1557 693 1901 757 descripfimus
1930 695 2057 746 Tab.
2090 694 2206 746 Vll.

526 774 735 831 superne
782 763 1078 818 marmoreis
1129 759 1307 811 tabulis
1349 758 1534 808 tectum
1565 797 1578 821 ,
1623 761 1676 810 in
1704 779 1837 824 quo,
1877 760 1989 819 quia
2028 759 2074 810 ei
2104 773 2212 808 tan-

523 850 631 885 tum
659 833 833 883 saevae
864 826 1197 876 Barbarorum
1226 840 1400 874 manus
1441 839 1757 894 pepercere,
1795 838 2024 884 repertas
2068 821 2206 872 fuiffe

526 897 697 948 ferunt
733 891 962 948 nonnulli
1004 905 1226 952 gemmas
1266 884 1533 959 praestana
1576 887 1794 940 artificio
1836 888 2044 947 scalptas
2095 903 2210 935 curn

525 963 633 1013 aliis
673 960 894 1021 pluribus
930 955 1146 1012 antiquis
1188 951 1426 1002 cimelils.
1465 953 1614 1011 Quae
1648 952 1788 1003 causa
1816 950 1913 1003 fuit
1943 950 2165 1002 Barbaris
2198 988 2214 1012 ‚

525 1041 580 1077 ut
609 1026 712 1076 hoc
742 1040 842 1076 tam
873 1019 1075 1072 celebre
1106 1018 1528 1077 Monumentum,
1568 1032 1633 1065 eo
1663 1029 1901 1076 tempore
1944 1015 2104 1074 aliqua
2149 1029 2214 1064 ex

525 1104 667 1151 parte
687 1129 700 1152 ‚
728 1105 854 1149 quae
883 1102 978 1135 nos
1010 1083 1168 1146 latet,
1209 1081 1472 1142 pervium,
1515 1077 1828 1142 diriperent,
1856 1096 1913 1130 ac
1943 1077 2217 1138 pessumda-

527 1168 675 1212 rent3
724 1152 898 1203 ablatis
938 1163 1142 1208 quoque
1181 1145 1404 1205 pluribus
1439 1143 1746 1214 ‚marmoreis
1790 1142 1996 1193 Urnulis
2039 1140 2216 1202 insigni

531 1235 689 1275 opere
727 1218 775 1266 &
819 1209 1065 1272 sculptura
1105 1206 1503 1270 elegantiffimis,
1546 1222 1751 1265 quarum
1790 1206 1947 1256 hodie
1979 1205 2081 1255 duo
2107 1218 2215 1255 tan-

528 1294 632 1329 tum
665 1280 903 1339 opercula
932 1274 1190 1334 iupersunt
1222 1271 1352 1322 Tab.
1386 1268 1533 1320 XVI.
1559 1271 1632 1321 lit.
1652 1285 1708 1321 Α.
1729 1270 1779 1320 δί
1803 1285 1832 1321 c
1851 1310 1861 1319 .
1881 1268 2073 1329 ereptis
2090 1269 2216 1318 item

527 1346 699 1394 aeneis
726 1344 903 1404 valviS,
932 1357 1051 1398 quas
1081 1339 1129 1387 &
1158 1337 1210 1386 in
1241 1335 1343 1385 hoc
1367 1333 1613 1404 Sepulcro
1638 1332 1823 1396 pofitas
1853 1330 1993 1385 fuiffe
2021 1331 2216 1383 constat

526 1406 741 1457 aliorum
771 1404 1008 1464 exemplo
1027 1443 1039 1465 ,
1066 1416 1214 1460 atque
1244 1398 1414 1449 tamin
1436 1398 1683 1457 superiori
1719 1414 1869 1458 quam
1899 1399 1953 1448 in
1980 1394 2218 1447 inferiori

528 1468 654 1519 ostio
691 1510 705 1534 ‚
756 1486 945 1521 aeneae
988 1466 1330 1534 plumbaturae
1360 1499 1373 1524 ,
1413 1477 1541 1522 quae
1586 1478 1720 1515 nunc
1781 1462 2008 1512 visuntur
2040 1499 2055 1523 ,
2091 1458 2219 1510 indi-

528 1534 714 1594 gitant.
754 1533 813 1583 In
856 1533 933 1583 his
964 1529 1214 1590 Sepulcris
1246 1544 1296 1576 m
1332 1523 1586 1586 posterum
1620 1526 1890 1587 eruendiS‚
1935 1540 2060 1587 quae
2110 1539 2217 1574 non

528 1598 659 1647 levia
676 1598 787 1646 sunt
801 1596 1064 1645 Romanae
1084 1591 1346 1652 majestatis
1363 1629 1375 1652 ,
1399 1591 1448 1643 &
1476 1590 1882 1651 magnificentiae
1899 1601 2214 1650 argumenta,

527 1661 650 1711 illud
677 1660 946 1711 Ciceronis
974 1657 1232 1709 observari
1261 1656 1410 1715 cupio
1428 1694 1441 1718 ‚
1465 1654 1551 1713 qui
1577 1654 1702 1707 dixit
1734 1653 1797 1707 ad
1830 1651 1983 1706 finem
2009 1669 2082 1703 1x.
2102 1650 2216 1702 Phi—

525 1726 724 1795 lippicae
761 1723 1057 1793 Sepulcrorum
1085 1722 1302 1790 sanHitas
1331 1723 1376 1773 in
1400 1721 1488 1790 ipfi)
1513 1717 1599 1786 fhlo
1628 1719 1685 1789 est
1714 1740 1728 1770 .·
1754 1720 1870 1788 quod
1891 1718 2008 1770 nulla
2036 1718 2088 1768 vi
2123 1732 2215 1766 mo-

525 1800 653 1859 veri,
676 1814 807 1865 neque
830 1796 965 1847 deleri
984 1795 1123 1863 potest
1134 1815 1152 1858 ,-
1179 1807 1312 1864 atque
1335 1808 1385 1848 ut
1409 1806 1556 1846 cetera
1584 1794 1926 1864 extinguuntur,
1931 1789 1997 1858 fic
2010 1785 2217 1859 Sepulcra

514 1869 744 1939 sam‘liora
761 1869 882 1938 fiunt
912 1867 1134 1921 vetus‘late
1149 1904 1162 1916 .
