2492 3888
1708 528 1779 561 Vll

163 562 555 650 disciplinarum
581 563 837 627 cultorem
846 567 1109 648 summum
1124 618 1139 645 ,
1154 591 1214 632 ac
1220 573 1708 655 praefftantifflmum
1719 599 1739 644 ,·
1753 579 1837 637 in-

163 654 341 712 structo
354 649 501 708 adid
511 648 713 730 Museo
731 697 744 721 ‚
772 654 973 730 quodin
1001 656 1200 715 deliciis
1228 658 1412 731 habes,
1441 658 1698 740 thesauris
1712 682 1836 722 eru-

162 753 250 796 tae
276 730 553 814 Vetustatis
580 733 981 814 locupletiffimo3
1029 740 1091 801 (ὢν
1120 738 1202 798 hoc
1232 742 1452 822 amplius
1492 744 1558 804 de
1575 742 1832 825 studiofis‚

161 816 415 899 clarisque
443 817 587 877 Viris
604 863 619 888 ‚
647 817 715 876 de
746 817 1039 900 Christiana
1070 822 1379 904 Republica,
1408 826 1474 882 de
1513 830 1834 908 Purpuratis

160 907 420 964 Romanae
447 901 700 979 Ecclestae
741 903 1073 986 Principibus
1088 953 1101 977 ‚
1140 910 1229 988 qui
1272 909 1344 967 Te
1384 929 1476 968 res
1507 910 1836 991 graviffimas

157 1001 500 1049 enarrantem
514 986 801 1049 identidem
815 991 1042 1050 audiunt
1057 1037 1072 1063 ,
1086 990 1153 1050 de
1177 990 1459 1075 Apostolica
1473 996 1629 1067 Sede,
1649 986 1713 1054 a'e
1736 1002 1837 1057 Re-

156 1072 340 1154 ligione
354 1120 368 1147 ‚
410 1070 557 1153 cujus
587 1073 806 1133 maximi
846 1079 1084 1136 momenti
1109 1079 1313 1157 negotia
1352 1079 1702 1141 tractantibus
1731 1096 1835 1162 per

155 1159 332 1218 decem
349 1153 470 1238 jam
497 1177 657 1219 annos
684 1156 894 1239 affides,
922 1165 1107 1241 optime
1136 1165 1413 1234 meritum;
1454 1162 1654 1223 dudum
1681 1184 1715 1222 a
1743 1169 1837 1226 Co-

142 1243 465 1324 gnitionibus
492 1245 815 1324 Signaturae
841 1243 1087 1324 Justitiae
1104 1294 1119 1321 ,
1161 1249 1226 1311 dr
1252 1249 1447 1309 Sacrae
1474 1250 1837 1330 Congregatio-

153 1331 235 1389 nis
264 1328 627 1390 Cardinalium
655 1327 867 1390 Concilii
898 1331 1201 1393 Tridentini
1218 1333 1574 1416 Interpretmn
1601 1354 1636 1391 a
1651 1336 1830 1396 Secre-

150 1415 220 1473 tis
229 1435 252 1485 ,ξ
297 1407 512 1494 aliisque
551 1409 827 1496 conspicuis
868 1415 1224 1499 Ecclestasticis
1264 1418 1565 1481 maneribus
1586 1466 1599 1492 ,
1626 1416 1834 1499 stimma

149 1518 273 1563 cum
290 1496 450 1557 laude
466 1545 481 1571 ,
510 1498 781 1581 honorifice
796 1498 1040 1583 fantium
1051 1525 1080 1572 ,·’
1098 1503 1325 1586 denique
1352 1525 1509 1586 quum
1533 1506 1607 1564 Te
1632 1504 1722 1582 (sse
1747 1503 1832 1565 a-'iu

138 1582 370 1664 ,diciffem
400 1587 662 1644 Romanae
692 1584 937 1665 Eccleſsae
960 1633 974 1658 ‚
1004 1590 1068 1652 clf
1093 1588 1287 1650 Aulae
1324 1589 1514 1672 infigne
1541 1589 1726 1660 decus,
1770 1591 1833 1653 ὠ

110 1705 115 1710 -
147 1683 540 1730 ornamentum:
557 1669 842 1754 gestiebam
871 1674 1041 1734 animo
1060 1722 1075 1748 ‚
1100 1674 1322 1756 mihique
1335 1692 1467 1759 prae
1487 1671 1683 1756 gaudio
1699 1686 1832 1732 tem-

115 1811 128 1814 -
140 1771 340 1835 perare
354 1755 494 1834 scitis
519 1777 620 1816 non
652 1773 924 1839 poteram,
967 1780 1035 1820 ex
1063 1781 1116 1820 eo
1157 1774 1385 1842 tempore
1419 1756 1708 1842 praeclare
1735 1759 1834 1819 ad-

110 1890 113 1893 .
147 1837 351 1894 modum
383 1839 448 1893 de
480 1861 561 1892 me
580 1883 594 1906 ‚
613 1843 902 1916 praeclare
929 1844 996 1903 de
1024 1847 1152 1905 meis·
1167 1844 1362 1920 studiis
1391 1847 1560 1902 ati'mn
1584 1845 1830 1916 cogitans,

133 1919 192 1997 fi
200 1921 381 2001 partis
408 1919 692 1999 aliquando
721 1921 914 1996 ingenii
939 1921 1037 1981 mei
1063 1921 1326 1982 laboribus
1345 1968 1358 1994 2
1384 1937 1568 2002 tuoque
1590 1919 1830 2001 splendi-

146 2004 334 2085 dfffimo
362 2006 563 2061 nomine
591 2000 869 2082 instgnitis,
897 2021 977 2058 me
1003 2017 1169 2060 totum
1190 2017 1439 2083 perpetuo
1473 2003 1589 2061 Tibi
1612 2019 1832 2077 vovere,

145 2079 334 2171 tuoque
359 2083 648 2168 ampliffimo
671 2086 960 2167 patrocinio
978 2083 1108 2167 frui
1121 2087 1420 2168 contigiffiet.
1467 2086 1527 2147 In
1553 2085 1684 2147 hanc
1682 2083 1832 2170 spem

148 2173 368 2252 mirifice
394 2170 570 2253 postea
596 2167 720 2250 stim
765 2172 1028 2232 excitatus
1045 2219 1058 2242 ‚
1099 2191 1256 2252 quum
1296 2174 1503 2251 cognovi
1546 2173 1618 2231 Te
1657 2172 1830 2233 tribas

149 2257 374 2317 Summis
403 2253 736 2335 Pontificibus
763 2273 945 2314 carum
971 2255 1248 2315 admodum
1261 2256 1417 2337 fizisfe
1431 2303 1445 2329 ‚
1476 2270 1650 2337 utpote
1678 2257 1827 2317 Veri-

147 2343 277 2401 tatis
299 2354 743 2421 propugnatorem
785 2340 1034 2401 eximium
1051 2385 1067 2412 ‚
1107 2341 1329 2419 aequive
1349 2335 1792 2418 servantifflmam
1807 2386 1822 2411 ‚

146 2445 250 2506 qua
275 2423 434 2485 laude
461 2437 735 2507 tantopere
762 2426 986 2490 emines;
1031 2423 1161 2482 adeo
1189 2442 1311 2483 vero
1317 2421 1559 2505 placuiſje
1589 2423 1827 2503 Pontifici

147 2511 349 2592 Optimo
376 2510 621 2570 Maximo
652 2508 997 2569 ssssNssmcro
1024 2529 1135 2568 xm
1153 2553 1168 2580 ,
1196 2522 1411 2569 tuarum
1437 2510 1698 2569 virtutum
1722 2555 1737 2581 ‚
1765 2529 1826 2568 ac

146 2597 457 2656 meritorum
496 2592 815 2678 aestimatori
841 2590 1204 2675 sapientifflmo
1235 2639 1248 2666 ‚
1291 2591 1563 2674 utstatim
1600 2588 1825 2675 fitscepto

146 2681 337 2740 univer
359 2702 376 2737 z
404 2678 540 2740 orbis
573 2674 827 2761 regimine
842 2724 856 2750 ,
888 2680 962 2738 Te
977 2725 991 2751 ‚
1021 2680 1245 2739 omnium
1281 2675 1469 2760 plaustr
1483 2725 1498 2750 ,
1538 2679 1825 2738 Damiatae

145 2761 612 2847 Archiepfiopum‚
648 2784 709 2822 ac
744 2761 914 2846 postea
944 2764 1173 2824 Ριεῑωειι7
1198 2776 1323 2824 tuae
1351 2761 1574 2839 inclytae
1601 2763 1824 2823 Patriae

147 2848 436 2931 Episcopum
462 2849 824 2916 renuntias-it,-
854 2863 1010 2930 atque
1038 2851 1093 2909 in
1121 2847 1236 2908 dies
1261 2849 1316 2908 in
1346 2844 1560 2925 majoris
1588 2847 1820 2925 dignita-

147 2939 216 3014 tis
232 2980 246 3007 ‚
276 2937 338 2998 <ir
356 2933 561 3016 gloriae
577 2930 788 3015 fastigio
832 2934 905 2992 Te
933 2931 1231 2992 collocatum
1268 2933 1343 2992 iri
1382 2952 1550 2992 omnes
1576 2928 1821 3012 sperent.

147 3021 327 3099 Neque
357 3020 436 3080 hic
464 3039 547 3099 ego
579 3016 904 3099 nobilffmae
929 3033 1054 3078 tuae
1079 3017 1262 3076 Gentis
1289 3015 1475 3076 decora
1492 3062 1507 3089 ‚
1535 3012 1822 3095 majorum-

150 3121 245 3180 que
277 3121 483 3165 tuorum
502 3102 648 3186 gesta
664 3100 956 3185 praeclara
981 3100 1376 3163 commemorabo
1394 3147 1407 3172 ‚
1449 3121 1605 3181 quum
1642 3103 1698 3161 in
1723 3100 1825 3158 Pe-

151 3185 339 3261 rufiuis
367 3187 610 3270 Historiis
636 3185 887 3266 disertius
925 3186 1254 3248 celebrentur
1269 3234 1281 3247 .
1339 3184 1562 3267 Difficile
1578 3181 1826 3264 stqaidem

156 3267 294 3329 diua
324 3272 425 3352 est,
451 3294 522 3335 an
545 3269 796 3354 majorem
809 3270 910 3349 fibi
943 3270 1153 3338 laudem
1193 3269 1477 3331 literarum
1502 3267 1672 3353 studio
1705 3310 1718 3335 ‚
1760 3266 1824 3327 ρξ’

1643 3359 1760 3385 amor?
1769 3372 1778 3388 7
