2492 3888
241 511 580 570 Hammones‚
609 510 913 574 Gorgones,
952 531 1206 567 verveces
1226 558 1237 580 ‚
1265 521 1504 584 arietina,
1533 538 1589 572 ac
1620 478 1900 575 bubulss‘ia-

238 579 367 636 pita3
402 577 596 644 larvae,
641 573 839 647 oscilla,
880 578 1133 642 aviculae,
1170 583 1218 630 δέ
1257 587 1546 643 quamplura
1580 589 1898 651 animalcula,

236 643 409 701 quibus
453 636 705 707 moenium
750 640 866 702 lati,
907 657 963 689 ac
1004 645 1168 693 morbi
1207 648 1511 711 malignitas,
1549 652 1687 708 quod
1723 653 1782 700 ad
1818 654 1903 701 dea

236 705 425 754 functos
453 713 663 770 attinet,
688 701 1037 761 designantur3
1081 723 1342 761 praeterea
1373 712 1687 777 Delphines,
1726 715 1902 765 Trito-

235 785 324 818 nes
361 765 718 822 buccinantes,
758 763 1016 815 Iufitantes
1055 767 1250 830 Genii,
1293 777 1499 829 puerilia
1544 778 1664 827 item
1709 778 1898 828 lndicm

232 828 625 888 oblefilamenta,
654 826 716 900 ad
742 826 1039 879 indicandos
1071 831 1239 881 varios
1281 838 1503 900 affeuus,
1534 857 1590 890 ac
1619 840 1772 889 studia
1802 843 1900 891 ani-

228 909 417 943 marum
459 890 589 950 apud
627 888 844 953 Elysios,
871 892 1047 950 quibus
1076 898 1380 945 tenebantur
1409 901 1524 950 dum
1564 906 1762 953 mortali
1791 921 1902 953 cor—

225 974 353 1016 pore
385 956 766 1011 clauderentur3
803 971 1006 1014 praeter
1043 957 1170 1008 haec
1197 959 1458 1022 tripodes,
1488 967 1691 1015 accensa
1722 968 1905 1016 cande-

226 1020 391 1082 labra,
420 1036 555 1069 arma
592 1018 850 1082 militaria,
893 1019 1082 1071 fabrilia
1109 1022 1371 1073 hominum
1390 1064 1404 1089 ‚
1434 1027 1485 1074 δε
1520 1032 1773 1079 ornatoria
1802 1048 1905 1078 mu-

226 1084 408 1135 lierum
454 1082 819 1141 instrumenta;
858 1085 1114 1144 suspensae
1150 1106 1354 1149 quoque
1396 1105 1453 1138 ac
1493 1088 1784 1142 defluentes
1820 1109 1906 1141 co-

224 1149 385 1200 rollae
416 1187 428 1209 ,
458 1148 580 1197 item
619 1149 851 1207 encarpia
878 1149 1142 1208 multiplici
1171 1150 1351 1203 florum
1382 1171 1753 1213 pomorumque
1785 1155 1904 1204 luxu

226 1214 516 1274 concinne,
560 1213 608 1261 &
647 1212 911 1273 eleganter
951 1214 1262 1278 composita,
1301 1217 1555 1277 multaque
1601 1218 1693 1267 alia
1720 1258 1733 1280 ,
1769 1236 1899 1276 quae

224 1279 279 1327 in
330 1276 751 1335 descriptionibus
799 1277 1193 1337 anaglyphorum
1245 1280 1496 1331 Urnarum
1543 1281 1645 1343 legi
1694 1283 1904 1342 possunt

225 1342 355 1402 apud
384 1343 695 1402 Gruterum,
737 1341 784 1389 &
825 1340 1143 1392 Fabrettum.
1194 1341 1268 1392 EX
1305 1343 1383 1394 his
1426 1349 1736 1397 ornamentis
1780 1363 1906 1394 non-

223 1406 357 1456 nulla
388 1406 435 1453 in
467 1405 545 1455 his
572 1422 772 1463 quoque
795 1404 915 1454 Aris
957 1402 1042 1454 seu
1069 1405 1245 1466 cippis
1283 1409 1686 1472 conspiciuntur,
1723 1422 1777 1458 ut
1806 1408 1907 1457 Ta-

223 1471 335 1519 bula
363 1468 478 1518 XV.
512 1468 756 1518 ostendit.
801 1468 858 1517 In
891 1468 1051 1527 prima
1077 1470 1184 1519 Ara
1223 1471 1306 1521 seu
1332 1472 1496 1532 Cippo
1524 1474 1595 1523 lit.
1617 1491 1649 1522 A
1668 1512 1678 1522 .
1705 1486 1907 1532 praeter

223 1533 436 1583 arietina
463 1532 623 1591 capita
643 1570 656 1594 ,
676 1550 702 1580 e
731 1532 905 1590 quibus
936 1531 1271 1585 defluentibus
1302 1538 1552 1595 utrimque
1584 1536 1722 1586 vittis
1760 1552 1905 1593 pere-

221 1598 397 1658 legans
424 1613 668 1654 encarpus
697 1598 860 1654 pomis
885 1594 1107 1648 refertus
1124 1600 1344 1657 pendet;
1365 1600 1485 1649 item
1513 1615 1717 1658 praeter
1734 1598 1908 1657 Sphin-

222 1677 314 1722 ges
331 1677 476 1720 ,quas
492 1660 542 1709 in
560 1659 750 1719 angulis
780 1659 994 1719 sculptas
1020 1661 1142 1724 esse,
1172 1663 1277 1713 alae
1298 1663 1558 1724 vestigium
1577 1663 1714 1722 quod
1740 1663 1908 1721 super-

224 1723 295 1774 est
324 1724 540 1784 indicat,
587 1723 900 1773 observanda
937 1725 1006 1773 est
1042 1726 1202 1784 aquila
1239 1727 1539 1790 subvolans,
1582 1744 1706 1786 quae
1739 1728 1906 1773 Anto-

222 1788 356 1836 niam
383 1786 686 1834 Panerotem
714 1787 971 1835 Libertam
988 1788 1219 1839 Helenes
1247 1791 1495 1839 adtollere
1515 1793 1591 1851 ,&
1616 1791 1677 1838 ad
1691 1788 1898 1837 'coelum

222 1849 360 1900 ferre
402 1849 634 1909 videtur,
664 1849 714 1897 in
755 1849 1124 1907 Apotheoseos
1169 1852 1472 1909 symbolum:
1502 1870 1614 1902 nam
1645 1851 1907 1901 consecra·

220 1929 391 1964 torum
422 1915 608 1962 animas
628 1914 677 1961 in
703 1912 904 1961 coelum
937 1913 1110 1970 aquilis
1138 1915 1258 1963 vehi
1284 1930 1547 1973 putarunt;
1576 1916 1712 1974 quod
1738 1915 1907 1973 plures

222 1978 451 2027 au&ores
482 1976 722 2025 testantur
741 2013 753 2034 ,
778 1983 830 2022 (1)
857 1977 905 2023 δε
935 1977 1226 2026 numismata
1269 1978 1319 2025 in
1349 1979 1524 2034 quibus
1556 1979 1745 2038 effigies
1778 1978 1907 2026 Divi

224 2041 554 2100 Imperatoris
586 2079 599 2101 ,
640 2039 688 2087 δε
735 2037 915 2095 Aquila
943 2055 1055 2086 cum
1086 2038 1163 2088 his
1193 2040 1389 2089 verbis:
1431 2054 1774 2090 CoNsEoRA
1795 2058 1907 2091 Tio

223 2123 261 2155 s.
290 2122 333 2155 o.
355 2105 438 2154 vel
468 2102 556 2161 ipsi
584 2100 868 2151 consecrati
900 2100 1246 2160 Imperatores
1277 2101 1493 2162 Aquilae
1522 2103 1794 2155 infidentes
1836 2105 1909 2152 vi-

218 2168 394 2216 suntur
425 2206 436 2217 .
488 2166 741 2223 Siquidem
789 2165 973 2222 Aquila
1001 2204 1017 2226 ‚
1059 2167 1224 2215 avium
1281 2168 1504 2216 omnium
1550 2168 1724 2226 regina
1765 2207 1778 2228 ‚
1822 2167 1908 2229 Jo-

219 2231 271 2279 vi
315 2244 435 2278 nato
476 2229 525 2275 in
569 2226 720 2276 insula
760 2227 916 2275 Creta
961 2228 1126 2276 neelar
1166 2228 1375 2277 attulisse
1421 2230 1645 2288 dicitur;
1694 2244 1906 2286 propter

216 2292 358 2351 quod
398 2291 618 2341 officium
660 2289 1039 2339 immortalitate
1082 2290 1266 2339 donata
1292 2329 1305 2351 ,
1358 2291 1407 2340 &
1450 2292 1602 2341 coelo
1655 2291 1904 2350 adscripta

216 2355 344 2407 fuit.
389 2359 442 2400 (2)
473 2355 530 2405 Id
578 2352 713 2401 forte
753 2353 960 2410 respicit
1017 2366 1164 2403 vetus
1199 2352 1514 2414 Epigramma
1557 2355 1607 2403 in
1646 2355 1907 2404 Antholo-

217 2420 296 2479 gia
324 2459 337 2482 ‚
379 2435 480 2477 quo
524 2416 678 2464 Poe'ta
722 2413 866 2473 fingit
898 2414 1041 2471 supra
1078 2431 1464 2466 monumentum
1496 2416 1715 2468 Platonis
1746 2418 1906 2476 Aqui-

216 2483 315 2533 lam
348 2480 698 2532 constitutam.
741 2477 899 2537 Quod
926 2494 1054 2528 vero
1094 2478 1243 2527 etiam
1283 2480 1596 2538 privatorum
1638 2482 1906 2543 imagines,

218 2549 267 2597 &
311 2547 511 2596 cineres
561 2543 1016 2604 consecrarentur,
1062 2540 1366 2593 Pontificum
1410 2543 1494 2593 vel
1532 2545 1906 2605 Imperatorum

216 2609 496 2670 permissu,
548 2608 735 2656 clarum
779 2605 848 2657 est
893 2622 957 2655 ex
996 2605 1218 2663 pluribus
1256 2607 1503 2666 inscriptis
1547 2610 1762 2668 antiquis
1803 2608 1905 2656 Ta-

219 2675 346 2723 bulis
373 2715 382 2723 .
415 2674 474 2723 (3)
505 2672 668 2721 Unam
709 2685 906 2720 tantum
946 2666 1032 2718 hic
1076 2669 1251 2720 afferre
1282 2671 1435 2733 libet,
1474 2683 1529 2720 ut
1562 2674 1716 2732 genio
1746 2689 1904 2721 vene-

219 2738 406 2788 randae
425 2735 760 2792 Antiquitatis
792 2734 1044 2783 cultorum
1074 2731 1252 2783 faciam
1282 2734 1426 2790 satis3
1458 2751 1602 2791 quam
1627 2737 1760 2783 inter
1787 2733 1908 2786 alias

219 2802 319 2862 legi
358 2798 485 2859 apud
527 2797 923 2858 Fabrettum,(4)
952 2797 1003 2845 in
1043 2797 1219 2848 urnula
1257 2797 1475 2847 rotunda
1514 2795 1782 2857 undulata,
1821 2813 1910 2854 pe-

220 2882 312 2918 nes
343 2864 533 2918 Lucam
559 2859 821 2912 Curfium:

1108 2922 1148 2973 F
1175 2948 1202 2979 2
1628 2938 1839 2978 T.AEL10.

267 3072 319 3114 (1)
342 3071 561 3107 Herodianus
587 3071 661 3106 Lib·
690 3082 742 3104 ιν.
768 3071 837 3103 Dio
872 3069 945 3104 Lib·
971 3079 1050 3103 LVI.
1083 3067 1115 3101 in
1150 3066 1269 3101 funere
1305 3067 1461 3107 Augusti.
1488 3065 1727 3115 Artemidorus
1759 3066 1831 3102 Lib·
1860 3064 1904 3097 11.

226 3125 303 3158 cap.
324 3126 378 3148 20.
403 3126 554 3155 quorum
582 3113 769 3147 testimonia
794 3112 895 3147 affert
919 3112 1161 3146 Kirchmannus
1186 3111 1228 3144 de
1253 3111 1411 3144 Funerib.
1432 3113 1529 3143 Rom.
1548 3110 1621 3143 Lib.
1638 3122 1693 3143 iv.
1713 3121 1787 3151 cap.
1805 3118 1906 3143 xm.

225 3157 275 3197 (2)
300 3157 350 3190 Cl.
366 3159 406 3190 V.
430 3159 625 3191 Gisbertum
659 3158 832 3199 Cuperum
859 3155 890 3188 in
919 3153 1134 3197 Apotheofin
1163 3152 1220 3186 seu
1242 3154 1541 3187 Confizcrationem
1573 3152 1716 3186 Homeri
1747 3163 1824 3194 pag.
1856 3159 1909 3190 24.

228 3200 281 3245 (4)
299 3200 407 3242 Apud
433 3200 636 3234 Fabrettum
654 3198 760 3234 Inscr.
780 3198 964 3239 Antiquar.
989 3198 1072 3239 Cap.
1099 3196 1142 3229 11.
1159 3207 1235 3238 pag.
1258 3207 1309 3238 73.
1339 3207 1427 3231 num.
1449 3206 1502 3235 7²·
1519 3197 1550 3228 &
1570 3195 1654 3230 vide
1673 3207 1750 3238 pag.
1765 3195 1843 3229 266.
