2492 3888
602 519 661 570 62

539 602 684 642 quam
725 585 774 633 in
817 584 923 633 aliis
965 584 1058 641 jam
1097 579 1247 628 editis
1286 577 1477 626 Titulis
1515 577 1783 637 leguntur3
1824 576 1887 626 de
1929 575 2105 633 quibus
2138 577 2209 625 in-

538 648 691 698 ferius
737 649 835 697 erit
862 649 1057 695 sermo,
1094 641 1304 691 Constat
1346 640 1497 688 etiam
1534 657 1639 688 non
1666 655 1860 690 tantum
1894 638 2066 688 Liviae
2109 638 2214 689 Au-

535 712 656 770 gusti
705 710 963 769 conjugis,
1002 723 1179 755 verum
1216 705 1364 754 etiam
1397 702 1609 752 aliorum
1655 702 1993 764 Augustorum
2036 703 2208 762 Augu-

534 773 844 833 starumque,
872 774 919 820 &
947 772 1165 829 ipsorum
1203 768 1527 817 Libertorum
1567 765 1834 829 Libertos,
1870 783 1927 816 ac
1973 765 2204 816 Libertas

532 836 717 884 ibidem
744 835 956 894 sepultas
985 832 1156 891 fuiffe3
1193 848 1408 891 quorum
1447 831 1679 892 nomina,
1705 832 1754 880 &
1782 830 2107 890 praenomina
2138 830 2211 877 in-

535 899 610 950 fra
641 899 840 948 silentio
879 899 1083 948 minime
1112 896 1612 955 praetermittentur.
1652 894 1844 945 Verum
1871 894 1984 953 quia
2026 893 2205 950 majori

538 980 602 1013 ex
644 977 786 1022 parte
819 963 869 1010 in
909 962 985 1011 his
1013 960 1201 1010 Titulis
1239 958 1475 1019 leguntur
1517 958 1722 1006 nomina
1759 959 2083 1008 Libertorum
2125 956 2206 1005 Li-

535 1028 647 1078 viae
669 1066 682 1087 ‚
725 1025 808 1076 vel
835 1025 990 1089 Juliae
1021 1023 1301 1085 Augustae,
1339 1022 1433 1072 hac
1468 1023 1530 1070 de
1566 1019 1721 1069 caussa
1757 1021 1860 1074 hoc
1899 1019 2210 1079 opusculum

535 1091 785 1142 inscribere
822 1090 1104 1159 potissimum
1144 1089 1381 1140 voluimus
1410 1108 1423 1149 ;
1475 1089 1830 1146 Monumentum,
1850 1084 1951 1150 sive
1982 1082 2206 1135 Columba-

536 1166 649 1215 rium
676 1164 976 1226 Libertorum,
1000 1178 1051 1215 ac
1076 1162 1315 1216 Servorum
1344 1158 1556 1209 LIVIAE
1591 1157 1929 1210 AUGUSTAE
1943 1195 1954 1207 .
1980 1159 2074 1207 &Q

1205 1323 1248 1390 ς.
1323 1319 1541 1373 X1111.

532 1465 727 1593 HIS
757 1464 1066 1528 praenotatis
1085 1505 1098 1528 ‚
1126 1479 1260 1516 nunc
1287 1479 1394 1512 non
1418 1461 1502 1513 abs
1529 1478 1586 1511 re
1615 1457 1826 1512 fortassis
1865 1465 1963 1513 erit
1990 1462 2214 1522 inquire-

711 1548 766 1580 re
803 1549 829 1580 a
872 1548 973 1589 quo
1014 1547 1126 1579 nam
1168 1527 1430 1579 conditum
1459 1524 1615 1575 fuerit
1639 1525 1743 1574 hoc
1773 1527 2104 1587 Sepulcrum,
2151 1541 2215 1576 an

534 1604 776 1644 donatum
807 1592 1025 1661 Libertis
1068 1595 1125 1643 ab
1152 1589 1380 1651 Augusto
1400 1628 1412 1651 ,
1451 1589 1536 1640 vel
1568 1605 1632 1638 ex
1668 1591 1884 1648 pecunia
1914 1591 2099 1640 collata
2128 1587 2206 1638 so-

535 1659 730 1709 ciorum
772 1657 1117 1708 aedificatum.
1167 1663 1224 1705 (ι)
1252 1655 1446 1706 Verum
1484 1654 1536 1702 in
1572 1670 1626 1702 re
1666 1668 1765 1702 tam
1809 1653 1997 1704 difficili
2049 1666 2204 1710 atque

535 1722 744 1772 obscura
772 1721 842 1770 nil
877 1722 1042 1772 audeo
1083 1719 1346 1771 adfirmare
1365 1756 1377 1768 .
1427 1716 1484 1766 In
1510 1716 1720 1776 quadam
1748 1715 2084 1778 Inscriptione
2115 1715 2206 1764 hu-

531 1786 606 1845 jus
630 1785 983 1845 Monumenti,
1021 1785 1122 1837 five
1147 1782 1461 1837 Columbarii
1488 1797 1629 1830 mox-
1649 1779 1900 1831 afferenda
1920 1821 1933 1844 ,
1961 1782 2124 1840 primo
2155 1777 2208 1827 in

530 1849 684 1906 loc03
711 1849 895 1907 legitur
926 1848 1219 1908 Tyrannum
1247 1847 1470 1896 Vernam
1497 1841 1681 1892 dediffe
1701 1882 1715 1903 ,
1745 1841 1846 1892 fine
1879 1842 2080 1895 donasse
2125 1843 2204 1891 Co-

532 1913 791 1964 lumbarium
816 1926 958 1964 totum
990 1913 1199 1963 Tiberio
1237 1907 1454 1959 Claudio
1482 1903 1695 1967 Augusti
1735 1905 1949 1959 Liberto
1986 1909 2209 1958 Vetera-

533 2001 602 2032 no
622 2022 635 2044 ,
665 1984 747 2041 qui
775 1984 825 2031 in
852 1981 971 2031 illud
1000 1978 1165 2027 intulit
1191 1974 1426 2042 Janthum
1456 1968 1668 2031 Augusti
1702 1968 1964 2023 Libertum
1994 1970 2207 2022 fratrem

535 2045 701 2094 suum.
748 2045 1049 2094 Notandum
1098 2041 1267 2090 dixisse
1308 2033 1625 2086 Columbarium
1663 2047 1834 2099 totum,
1877 2053 2027 2094 quum
2071 2034 2121 2082 in
2165 2050 2214 2082 a·-

531 2108 611 2158 liis
642 2107 830 2157 Titulis
875 2107 1071 2166 legatur
1099 2103 1308 2154 donatio
1338 2105 1544 2153 duarum
1569 2103 1815 2165 ollarum,
1839 2100 1925 2149 vel
1947 2098 2091 2147 unius
2120 2096 2212 2168 ΟΙ-

531 2172 608 2221 lae
629 2188 641 2230 3
666 2188 821 2231 quare
855 2168 888 2218 si
917 2183 1084 2218 totum
1117 2169 1375 2226 parvulum
1392 2167 1771 2217 Columbarium
1800 2165 1991 2214 donare
2023 2158 2206 2211 voluis-

532 2235 644 2295 set,
684 2234 896 2284 aliorum
925 2230 1220 2281 Titulorum
1247 2230 1482 2289 exemplo
1525 2230 1798 2279 inscribere
1842 2239 2049 2285 poterat
2087 2225 2212 2285 dedit

534 2299 659 2350 Ollus
697 2300 837 2366 duas,
876 2297 951 2347 vel
979 2310 1137 2352 uuam3
1173 2312 1285 2344 curn
1326 2292 1719 2352 unumquodque
1750 2307 1960 2352 parvum
1998 2289 2206 2344 Colum-

533 2370 722 2418 barium
743 2409 755 2431 ,
787 2367 1015 2427 exceptis
1044 2366 1102 2414 iis
1135 2377 1262 2419 quae
1290 2358 1341 2406 in
1367 2358 1558 2418 angulis
1590 2357 1699 2406 sunt
1719 2396 1731 2417 ‚
1767 2355 1885 2404 duas
1910 2367 2103 2407 tantum
2123 2358 2215 2408 Ol-

534 2432 604 2481 las
634 2433 924 2481 contineat.
965 2425 1190 2478 Accedit
1229 2423 1380 2470 etiam
1408 2422 1547 2478 quod
1575 2421 1623 2468 in
1662 2420 1767 2471 aliis
1791 2419 1889 2478 jam
1923 2418 2070 2470 editis
2113 2421 2217 2471 Co-

535 2494 891 2543 lumbariorum
908 2491 1096 2540 Titulis
1123 2500 1388 2540 numquam
1415 2483 1600 2541 legitur
1624 2481 2003 2531 Columbarium
2027 2496 2214 2544 totum,

536 2558 623 2606 sed
653 2556 910 2604 dumtaxat
938 2554 1079 2601 dedit
1106 2545 1484 2598 Columbarium
1511 2560 1663 2592 unum
1681 2581 1694 2604 ‚
1725 2543 1825 2590 duo
1843 2579 1856 2601 ‚
1879 2543 1963 2590 vel
1991 2545 2086 2592 tria
2113 2547 2214 2595 &c.

536 2623 710 2678 Quare
752 2618 785 2666 fi
824 2614 1119 2675 conjefi‘curis
1159 2609 1419 2667 indulgere
1447 2607 1628 2668 liceat,
1647 2604 1914 2654 crederem
1942 2603 2078 2654 hunc
2108 2607 2214 2667 Ty-

537 2699 745 2733 rannum
783 2680 1046 2730 Sociorum
1088 2676 1392 2725 Curatorem
1420 2667 1553 2718 fuiffe
1576 2710 1589 2731 ‚
1632 2670 1681 2718 &
1713 2668 2105 2738 Monumentum
2149 2687 2215 2720 ex

536 2747 751 2805 pecunia
791 2744 974 2793 collata
1018 2739 1282 2791 Sociorum
1321 2732 1630 2795 aedificasse,
1675 2747 1755 2780 cur
1799 2728 2010 2781 fortaffis
2049 2732 2215 2783 dicata

535 2810 751 2859 honoris
781 2805 946 2856 caussa
973 2803 1126 2854 fuerit
1151 2819 1178 2850 a
1207 2799 1367 2852 Sociis
1396 2812 1679 2846 marmorea
1706 2795 1900 2857 imago,
1930 2793 2030 2844 five
2061 2810 2213 2857 caput

539 2873 685 2922 alicui
726 2871 865 2932 figno
899 2863 1287 2928 reponendum,
1317 2875 1373 2910 ut
1416 2858 1591 2911 facium
1634 2871 1885 2908 memorat
1924 2856 2106 2910 Plinius
2157 2861 2214 2909 in

537 2936 780 2995 Apolline
806 2933 1030 2983 Palatino
1049 2950 1061 2991 3
1081 2933 1137 2985 (2)
1154 2928 1292 2987 quod
1321 2925 1589 2974 exhibetur
1606 2922 1734 2994 Tab.
1754 2921 1874 2972 XII.
1894 2921 1967 2971 lit.
1983 2935 2014 2968 A
2033 2960 2043 2971 .
2064 2942 2210 2982 quam

539 3000 875 3059 conjeuuram
913 2995 1115 3046 illustrat
1154 2993 1281 3042 haec
1320 3005 1468 3041 vetus
1496 2987 1758 3046 inscriptio
1789 3001 1853 3035 ex
1876 2984 2055 3036 Museo
2100 2988 2214 3038 Sab-

537 3064 727 3113 batinio
745 3061 901 3125 ‚apud
919 3060 1211 3115 Fabrettum
1234 3094 1244 3106 .
1273 3057 1335 3107 (3)
1978 3113 2018 3164 L
2063 3112 2128 3164 LI

581 3231 633 3276 (1)
653 3232 741 3266 Vide
771 3232 969 3265 fabrettum
993 3230 1093 3264 Inscr-
1117 3227 1200 3261 Ant.
1225 3226 1302 3268 Cap.
1325 3227 1384 3261 111.
1408 3236 1482 3266 pag·
1502 3231 1664 3263 152·153·
1710 3220 1763 3263 (2)
1782 3220 1866 3256 Hist.
1881 3220 1959 3256 Nat.
1979 3221 2055 3258 Lib.
2079 3230 2212 3258 xxxvl·

538 3285 569 3309 C·
594 3286 619 3314 5.
667 3276 722 3319 (3)
743 3275 901 3315 Inscript-
918 3275 1000 3308 Ant.
1021 3274 1103 3313 Cap·
1123 3283 1177 3305 vr.
1201 3279 1276 3310 pag.
1296 3280 1370 3313 449.
1392 3280 1411 3302 n
1435 3279 1483 3310 59.
