2492 3888
743 525 876 561 illantio
906 526 995 560 haud
1026 535 1184 561 accurate
1214 528 1390 563 exhibitus

744 570 953 605 emendatior
972 570 1157 605 exhibetur
1169 596 1178 604 .
1196 580 1285 605 xxm

658 613 798 649 Nummi
817 614 933 655 Regii,
952 616 981 647 &
1003 614 1167 650 percerini
1201 615 1240 646 ab
1277 616 1393 655 Augu-

744 656 789 689 sto
813 656 983 690 distributi
1006 657 1039 689 in
1054 657 1288 691 Saturnalibus
1319 659 1390 698 164.

655 701 831 743 Nymphae
855 700 1029 739 Aquarum
1055 699 1221 739 praesides
1236 701 1391 739 sculptae

741 743 772 774 in
785 743 912 775 votivo
931 743 1118 785 anaglypho
1131 745 1290 779 Mediceo
1303 771 1309 777 .
1324 745 1394 776 126.

653 783 828 828 Nymphae
849 785 1004 818 Fontinm
1016 787 1155 821 exurnis
1170 798 1292 837 aquam
1312 787 1388 821 fun-

737 827 872 860 dentes.
910 838 958 867 14.
993 841 1032 863 ur.
1066 832 1203 865 Gratiae
1236 841 1323 865 inter
1355 831 1387 864 se
1417 858 1419 861 .

738 869 886 917 juristae,
907 872 1015 905 nudae
1028 898 1036 911 ,
1059 875 1170 909 velata
1189 884 1319 910 tantum
1338 874 1387 910 in-

736 910 856 947 feriori
881 923 979 954 parte
1001 919 1174 959 corporis.
1206 931 1256 962 ¹4·

571 1004 851 1079 OBruendaria
871 1047 950 1080 vasa
973 1058 1151 1087 quaenam.
1174 1059 1229 1087 40·

656 1080 864 1120 Obstetrices
888 1088 920 1121 in
942 1090 1045 1123 domo
1065 1089 1216 1132 Augusta
1231 1115 1240 1123 .
1264 1100 1339 1130 124·

654 1125 753 1159 Occo
778 1129 978 1168 Adolphus.
997 1142 1084 1166 xxii.

652 1167 758 1201 Oculi
775 1184 793 1204 e
816 1173 957 1211 gemmis
980 1173 1091 1207 statuis
1115 1173 1273 1209 repositi.
1301 1181 1377 1210 157·

653 1209 881 1247 Odoramenta
907 1215 937 1247 in
959 1216 1128 1248 sepulcris
1150 1211 1260 1246 infusa
1275 1238 1282 1245 .
1302 1221 1356 1254 49.

652 1251 763 1285 Odam
791 1256 1017 1295 Hieronymus
1033 1257 1160 1295 Fques·
1187 1255 1263 1289 XV.

651 1293 958 1370 Officiastquantgam
978 1307 1068 1331 nova
1089 1298 1305 1340 excogitavit
1317 1299 1386 1333 Au-

728 1345 773 1373 gu
806 1347 860 1369 us.
913 1350 940 1371 ε.

647 1375 820 1424 Officiales
850 1380 981 1415 Domfis
1012 1382 1182 1426 Augustae
1214 1384 1391 1426 dispertiti

736 1430 768 1469 ¹.¹.¹
787 1430 841 1455 tot
865 1424 1050 1460 Decurias.
1080 1438 1148 1467 194-

646 1460 781 1495 officns
795 1466 950 1504 pluribus
972 1469 1155 1512 praepositi
1172 1470 1303 1505 Liberti
1318 1495 1324 1502 .
1337 1472 1390 1514 69.

645 1505 790 1545 Oleum,
819 1510 849 1541 &
877 1522 1047 1552 unguenta
1081 1513 1115 1546 in
1142 1513 1251 1556 guttis
1277 1515 1391 1549 serva-

732 1557 785 1582 ta.
815 1563 862 1585 11.

644 1590 745 1624 Ollae
778 1593 910 1643 cineres
944 1597 1113 1631 servantes
1139 1599 1271 1634 fidiles.
1298 1610 1325 1639 ς.
1356 1600 1391 1633 in

730 1632 868 1676 singulis
885 1639 1126 1681 columbariis,
1137 1642 1207 1677 ssve
1222 1642 1389 1678 aediculis

730 1679 890 1714 conditae
918 1693 946 1724 3.

625 1727 627 1729 ·
648 1717 745 1754 Ollae
757 1722 906 1759 viraines
917 1737 1016 1765 quae.
1031 1737 1079 1766 57.
1091 1726 1276 1770 fingulares
1289 1740 1388 1767 auae.

735 1773 765 1813 ς..
776 1766 886 1800 sacrae
900 1779 1014 1808 erant,
1025 1771 1054 1802 ἃ
1070 1771 1102 1803 in
1115 1770 1388 1814 honore‚easque

727 1807 861 1856 yiolare
880 1810 993 1845 nefas.
1022 1813 1071 1852 56.
1095 1812 1198 1857 super
1212 1816 1389 1849 columnas

730 1851 904 1886 mterdum
937 1853 1128 1888 collocatae
1150 1866 1191 1890 ut
1210 1858 1388 1892 defunsso-

727 1903 846 1942 rum-q
864 1894 915 1928 =afi
937 1897 1148 1935 Apotheofin
1175 1900 1387 1935 indicarent.

730 1939 977 2019 {jd-iggerdum
996 1939 1099 1984 super
1131 1942 1226 1978 bases
1254 1945 1388 1988 exposi-

647 2017 802 2053 Ollarum
832 2022 941 2056 forma
955 2048 965 2064 ‚
989 2025 1098 2067 figura
1117 2052 1126 2066 ‚
1160 2027 1394 2070 magnitudo,

729 2064 760 2094 &
774 2063 848 2097 loca
862 2065 1076 2104 indicantur.
1105 2080 1156 2110 55.
1181 2082 1296 2106 earum
1311 2071 1389 2105 usus

731 2105 825 2142 apud
848 2108 1016 2150 Graecos,
1038 2112 1222 2154 Etruscos,
1247 2126 1286 2148 ac
1316 2116 1388 2148 Ro-

732 2157 863 2181 manos.
893 2151 931 2189 56

647 2186 803 2222 Ollarum
821 2190 921 2233 hujus
942 2193 1155 2229 Monumenti
1168 2208 1342 2237 numerus,
1357 2199 1388 2232 &

734 2236 1053 2282 quomodo-colligi
1071 2237 1171 2272 facile
1191 2239 1290 2282 poffit
1303 2265 1310 2272 .
1332 2243 1387 2274 60.

648 2272 744 2308 Ollas
773 2272 835 2307 fibi
860 2277 1009 2311 invicem
1039 2279 1207 2316 donabant
1233 2282 1387 2323 Liberti,

735 2327 774 2350 ac
795 2316 906 2352 servi.
941 2330 1010 2361 132.
1040 2332 1109 2363 133.

648 2359 820 2400 Opercula
839 2372 999 2395 urnarum
1017 2373 1182 2400 excavata
1202 2368 1235 2401 in
1251 2368 1385 2408 medio,

737 2404 882 2453 &rvario
910 2405 1012 2438 modo
1041 2407 1216 2445 perforata
1239 2411 1280 2444 ad
1300 2411 1383 2445 liba-

732 2455 839 2496 mini,
861 2448 891 2479 &
918 2448 1079 2491 lacrymas
1108 2451 1332 2489 infundendas
1353 2455 1386 2486 in

733 2497 879 2522 cineres,
908 2493 961 2529 48«

650 2527 823 2578 oper-qula
836 2542 998 2606 urgarum
1011 2534 1107 2577 saepe
1117 2547 1236 2572 ornata
1245 2539 1387 2581 inscrips

737 2580 832 2603 tione
852 2584 874 2613 4
899 2599 906 2605 .

650 2611 760 2653 Optio
777 2613 1049 2651 Tabellariorum
1067 2621 1172 2654 officii
1192 2621 1388 2663 Rationum,

740 2654 795 2685 vel
821 2656 1048 2689 Rationalium
1065 2683 1072 2690 .
1098 2671 1171 2698 ²27·

652 2695 850 2735 opsonator
871 2697 1062 2738 Augustae.
1091 2711 1161 2740 ¹92·

653 2739 766 2770 Orcus
788 2740 899 2771 omnia
919 2740 1005 2774 bella
1024 2741 1194 2776 devorat.
1217 2755 1270 2779 20.

648 2779 758 2820 Orgia
780 2780 924 2814 Bacchi.
949 2793 1031 2815 xxv.

649 2822 852 2855 Ornamenta
865 2823 906 2856 ad
919 2825 1119 2860 muliebrem
1131 2829 1294 2863 mundum
1315 2828 1386 2870 spe-

735 2866 866 2898 t‘lantia.
895 2876 967 2906 142.

652 2908 858 2942 ornamenta
878 2909 974 2942 varia
992 2910 1155 2945 Ararum.
1179 2922 1235 2952 4²·
1260 2923 1320 2955 43·

652 2951 858 2984 ornamenta
878 2962 1047 2990 equorum
1070 2964 1161 2997 quae.
1188 2964 1243 2994 27.

648 2994 866 3027 Ornamentis
883 2994 1064 3029 Caesarum
1085 2997 1314 3040 procurandis
1333 2999 1390 3033 vel

735 3034 963 3084 custodiendis
991 3050 1109 3072 munus
1133 3041 1252 3075 datum
1275 3041 1390 3075 Liber·

733 3087 778 3110 tis
797 3104 804 3111 .
828 3089 903 3111 222.

646 3119 814 3154 Ornatrix
832 3120 944 3161 Juliae
963 3122 1107 3164 Augusti
1125 3125 1233 3158 filiae·
1254 3135 1326 3167 130.

646 3163 848 3198 Ornatrices
882 3163 1050 3200 habebant
1073 3178 1212 3209 quoque
1243 3167 1386 3213 Augusti

734 3205 908 3240 Caesares.
939 3217 1013 3247 ¹30·

1520 524 1702 560 Ornatoria
1722 524 1936 558 instrumenta
1961 522 2094 566 sculpta
2120 527 2154 561 in
2183 528 2254 563 Ara

1605 579 1791 603 marmorea
1806 593 1813 601 .
1842 579 1912 604 131.

1525 609 1709 645 Ornatores
1725 611 1843 644 habuit
1865 610 1960 645 Livia
1978 620 2100 650 praeter
2132 623 2251 658 quam-

1607 655 1722 697 plures
1742 655 1933 687 Ornatrices
1957 665 2026 696 ¹30·

1526 696 1780 738 orthographia
1837 708 1900 728 non
1945 700 2029 730 ret-ste
2086 698 2253 733 custodita

1611 742 1641 772 &
1674 741 1705 773 in
1733 738 1901 778 lapidibus
1924 739 2065 781 Augusti
2099 753 2185 776 aevo
2202 742 2253 775 in-

1610 781 1763 822 scriptis.
1794 785 1865 822 189.

1523 825 1816 868 Orthograpliiam
1845 836 1908 858 non
1939 825 2035 859 vaide
2065 827 2253 861 custoditit

1607 867 1799 910 Angustus.
1827 871 1898 908 189.

1542 913 1604 948 AI
1629 923 1692 952 pro
1717 912 1744 942 A
1759 912 1783 942 E
1801 919 1874 942 tum
1900 911 1932 943 in
1951 915 2091 948 nummis
2106 938 2114 952 ‚
2128 923 2203 948 tum
2221 914 2254 945 in

1608 952 1746 987 vetustis
1768 953 1953 994 lapidibus.
1982 958 2051 987 182.

1542 999 1569 1030 E
1591 1008 1653 1037 pro
1675 997 1712 1029 l.
1743 999 1814 1037 189.

1545 1042 1576 1074 G
1598 1039 1780 1080 peculiaris
1808 1038 1919 1078 figura
1938 1039 1970 1072 in
1995 1041 2120 1075 Titulis
2155 1041 2253 1084 hujus

1604 1081 1762 1121 Sepuleri
1784 1080 1984 1115 exhibetur.
2009 1092 2115 1118 xviii.

1545 1124 1580 1155 H
1604 1122 1843 1163 adspirationis
1859 1133 1937 1155 nota
1959 1124 2137 1166 saepissime
2156 1138 2249 1169 prae·

1607 1165 1750 1198 termisla
1768 1176 1784 1197 a
1804 1166 2052 1205 quadratariis.
2075 1173 2125 1201 80.
2143 1181 2212 1210 ¹51·

1544 1207 1561 1240 1
1585 1209 1729 1241 caeteris
1749 1207 1858 1242 literis
1878 1210 2056 1248 procerius
2082 1211 2257 1253 sculptum

1605 1251 1787 1291 saepissime
1800 1276 1807 1284 .
1826 1263 1899 1292 149.
1911 1252 2058 1291 genitivi
2071 1256 2166 1286 casus
2180 1266 2259 1287 cum

1610 1294 1747 1328 duobus
1770 1294 1809 1326 ΙΙ
1832 1295 1928 1338 saepe
1957 1295 2078 1334 scripti
2104 1297 2135 1328 in
2158 1305 2253 1329 vetu-

1609 1336 1662 1370 stis
1684 1337 1890 1376 lapidibus&
1906 1337 1998 1370 MSS.
2016 1349 2162 1376 quorum
2174 1339 2260 1371 alte-

1606 1392 1682 1414 rum
1699 1381 1884 1414 redundat.
1909 1391 1984 1421 230.
2012 1381 2262 1420 Ablativiquo-

1607 1436 1676 1464 quc
1696 1423 1790 1457 casus
1809 1435 1886 1457 cum
1908 1424 2043 1457 duobus
2066 1423 2127 1461 11,
2154 1435 2262 1463 quum
2290 1462 2294 1463 ⁷

1611 1467 1781 1500 scribendi
1795 1467 1894 1500 essent
1906 1478 1984 1500 cum
1998 1478 2080 1500 uno.
2101 1478 2176 1508 ιος.
2190 1477 2264 1508 230.

1545 1509 1572 1542 Κ
1595 1520 1660 1549 pro
1681 1510 1709 1543 C
1731 1510 1930 1553 frequenter
1954 1510 2172 1548 usui-patum.
2192 1511 2264 1547 16³.

1544 1553 1584 1585 M
1605 1552 1701 1594 saepe
1711 1553 1875 1589 omissa‚ut
1885 1552 1916 1585 in
1930 1553 1981 1587 his
1994 1553 2123 1587 Titulis
2136 1553 2262 1587 OLLA

1609 1606 1670 1634 pro
1690 1595 1875 1629 OLLAM.

1543 1637 1576 1671 N
1601 1649 1854 1679 monogramma
1878 1649 1941 1677 pro
1961 1639 1991 1670 N
2011 1640 2040 1671 &
2058 1639 2107 1671 A.
2137 1648 2212 1680 153.

1547 1681 1580 1715 N
1602 1690 1742 1724 quoque
1761 1679 1891 1715 omissa.
1922 1690 1980 1721 1ος
2015 1692 2076 1720 ¹07
2110 1682 2261 1722 Coniun-

1610 1725 1732 1758 &iones
1751 1734 1791 1757 ut
1818 1723 1884 1757 ET
1909 1724 2020 1769 QVE
2044 1725 2124 1764 saepe
2151 1725 2259 1765 gemi-

1606 1777 1721 1800 natae.
1749 1777 1820 1805 215·

1543 1809 1563 1842 S
1587 1811 1619 1842 in
1631 1809 1695 1842 fine
1707 1821 1834 1843 vocum
1849 1808 2021 1843 interdum
2040 1809 2172 1843 omissa.
2187 1812 2257 1842 180.

1543 1854 1576 1887 V
1600 1864 1664 1885 non
1676 1852 1882 1894 geminatum
1897 1861 2003 1889 quum
2016 1852 2260 1893 g.minandurn

1608 1894 1667 1928 fit.
1695 1897 1767 1928 216.
1784 1897 1814 1929 &
1831 1893 1914 1927 aliae
1937 1897 2057 1929 literae
2071 1920 2078 1928 .
2099 1896 2184 1937 ¹84·-

1543 1939 1575 1972 V
1599 1950 1660 1978 pro
1681 1940 1730 1972 Ο.
1750 1949 1824 1973 222.

1542 1982 1576 2013 V
1602 1983 1692 2015 vitae
1713 1982 1833 2015 index.
1856 1981 1887 2013 Θ
1907 1982 2049 2016 mortis.
2078 1986 2149 2019 173.

1543 2026 1567 2057 Ζ
1588 2034 1652 2066 pro
1669 2026 1690 2058 S
1706 2026 1737 2057 in
1756 2023 1926 2065 lapidibus
1946 2051 1956 2066 ,
1983 2027 2012 2058 &
2036 2025 2069 2058 in
2098 2024 2258 2058 nummis.

1605 2078 1657 2109 97.
1689 2069 1761 2108 164.

1525 2109 1650 2144 Oscilla
1677 2111 1686 2142 i
1712 2111 1933 2152 Sarcophagis
1965 2110 2066 2150 super
2100 2109 2259 2151 encarpia

1606 2153 1713 2192 pofita
1731 2153 1813 2192 quid
1834 2153 2043 2194 fignificent.
2072 2164 2118 2193 15.
2140 2155 2187 2185 16.
2208 2161 2259 2189 17.

1604 2197 1716 2228 velata
1733 2198 1779 2232 ,ἃ
1796 2196 2037 2230 calamistrata.
2068 2201 2117 2229 18.
2138 2195 2259 2229 hiancli

1605 2237 1795 2272 immaniter
1814 2251 1892 2275 ore.
1906 2242 1936 2272 &
1957 2238 2114 2272 terrifico
2137 2238 2257 2278 aris,&

1600 2281 1772 2315 Sepulcris
1791 2282 1940 2324 appositi
1954 2303 1961 2310 ·
1983 2281 2036 2320 46·

1518 2321 1609 2357 Ostia
1627 2323 1872 2362 Sepulcrorum
1887 2348 1894 2354 .
1917 2335 1945 2366 3,
1973 2333 2046 2366 229.

1518 2366 1608 2400 Ostia
1642 2367 1743 2408 huius
1767 2365 1978 2402 columbarii
2010 2366 2129 2400 versus
2156 2368 2257 2402 ineri-

1601 2408 1690 2443 diem
1712 2410 1895 2444 collocata.
1929 2421 1955 2452 3.

1517 2450 1601 2485 Ostii
1619 2452 1822 2495 superioris,
1849 2455 1879 2485 &
1903 2452 2078 2486 inferioris
2103 2462 2256 2492 camera,

1604 2495 1660 2528 seu
1678 2495 1793 2529 fornix
1815 2497 1832 2529 ὲ
1853 2496 2041 2530 Tiburtino
2075 2496 2188 2538 lapide
2202 2518 2209 2527 .
2230 2506 2259 2537 3.

1521 2535 1706 2572 Ostiarius.
1729 2549 1784 2579 93.
1805 2549 1860 2581 94.
1886 2549 1939 2580 95.
1964 2548 2041 2578 230·

1522 2579 1670 2614 Offuaria
1681 2583 1728 2620 ‚&
1739 2580 1907 2615 Cineraria
1924 2590 2042 2615 ornata
2054 2580 2253 2627 Inscriptio·

1522 2625 1817 2702 Oss‘uzi'fii‘figura-
1844 2665 1914 2701 167.

1435 2785 1682 2871 PAedagogi
1698 2831 1813 2878 quales
1833 2832 2000 2874 eligendi.
2023 2846 2076 2875 99.

1521 2873 1713 2914 paedagogi
1735 2884 1821 2908 intra
1843 2877 2007 2910 Palatium
2041 2875 2252 2912 habitabant.

1609 2927 1677 2950 100
1706 2916 1777 2950 dati
1797 2929 1862 2951 non
1874 2919 1979 2952 solum
1992 2919 2253 2957 pueri5.verum

1605 2960 1707 2992 etiam
1721 2961 1860 3002 puellis.
1884 2973 1936 3003 99.
1951 2961 2073 2994 arbitri
2095 2962 2253 2996 volunta-

1605 3002 1652 3036 tis
1674 3002 1883 3043 Principum.
1911 3015 1980 3035 100.
2005 3006 2037 3036 in
2059 3004 2251 3042 ludis,Au-

1607 3044 1695 3085 gusti
1713 3055 1864 3082 munere,
1875 3056 2018 3079 cuneum
2030 3051 2251 3085 praetextatis

1607 3086 1800 3126 proximum
1819 3087 2002 3121 habebant.
2029 3100 2103 3123 200.

1519 3126 1661 3165 Paenula
1679 3129 1823 3169 primum
1842 3132 2132 3171 peregrinantium
2155 3133 2249 3167 habi-

1608 3179 1685 3204 tus.
1719 3183 1776 3212 141
1807 3182 1880 3205 tum
1912 3174 2010 3213 viris,
2030 3184 2101 3210 tum
2124 3177 2249 3211 nobili-

1605 3212 1666 3247 bus
1689 3212 1822 3250 feminis
1839 3216 1874 3250 in
1895 3216 1979 3252 usu.
2001 3229 2074 3260 140.
2162 3216 2167 3220 ’

2069 3262 2209 3298 -Paenu-
