2492 3888
624 485 846 555 24giuemffi'
868 517 898 549 δε
917 513 1050 549 offuarii
1072 514 1177 546 forma
1190 535 1197 543 .
1214 514 1265 552 46.

663 560 871 593 Cinerarium
897 557 1103 592 medianum.
1134 556 1189 594 46.
1252 582 1256 585 .

665 604 799 637 Cineres
825 603 972 644 plurium
1002 598 1238 633 defunciorum
1265 596 1297 628 in
1325 607 1392 630 una

747 645 933 686 eademque
957 643 1022 676 olla
1049 640 1226 675 conmixti.
1251 639 1389 678 56-142.

660 689 794 722 Cineres
808 711 816 724 ,
835 689 864 718 &
883 687 1039 726 imagines
1064 695 1135 718 tum
1158 680 1391 723 Augustorum

743 739 816 761 tuni
838 729 1053 767 privatorum
1080 726 1314 760 conszcratae.
1339 734 1394 764 43.

659 774 794 806 Cineres
815 769 1050 804 defunCtorum
1073 770 1160 803 sacri
1173 767 1394 802 habebantur-

749 822 802 851 55·

658 856 789 890 Ciffibia
808 856 950 894 pocula.
975 867 1078 896 quae.
1116 857 1187 896 136.

653 898 755 938 Gippi
781 898 812 930 in
843 898 1070 932 Monumentis
1096 897 1223 931 defixi.
1253 906 1301 936 57.

657 941 803 985 Cipp05‚
825 943 856 973 ἃ
887 952 957 975 aras
985 952 1108 982 ponere
1131 950 1205 974 ante
1231 949 1344 977 arcas,
1361 938 1392 970 &

744 984 980 1025 Sarcophagos
998 985 1163 1018 vetitum·
1186 992 1240 1023 45.
1361 1023 1368 1028 ,

653 1025 783 1060 Clerici
799 1026 961 1067 Johannis
986 1027 1097 1061 vei-fio
1125 1025 1250 1061 Graeci
1266 1033 1386 1056 carmi-

738 1070 788 1102 nis
804 1071 996 1103 emendata-
1020 1071 1097 1102 206.

653 1111 828 1153 collegia,
860 1114 890 1145 ὅ(
916 1123 1062 1154 corpora
1091 1118 1307 1143 communem
1342 1116 1393 1139 ar-

738 1165 813 1187 cam
839 1156 1004 1193 pecuniae
1027 1153 1211 1186 habebant.
1236 1150 1293 1186 163

656 1196 1046 1270 Colle6gia6immunitate
1063 1193 1232 1226 donabant
1242 1187 1392 1220 Sodales.

656 1250 852 1318 Collegium
887 1276 1104 1320 Aesculapii,
1133 1276 1163 1307 6(
1198 1272 1332 1315 Hygiae
1358 1273 1392 1304 in

746 1322 806 1352 Via
829 1318 958 1356 Appia.
977 1322 1019 1350 68

652 1361 847 1401 Collegium
871 1362 1026 1394 Fratrum
1056 1362 1246 1395 Arualium.
1271 1368 1336 1395 217

656 1403 854 1444 Collegium
878 1406 1024 1441 Larum,
1053 1406 1082 1436 ὃ(
1107 1403 1297 1445 Imaginurn
1319 1401 1393 1436 Do-

740 1457 812 1480 mus
839 1446 1011 1486 Augustae
1047 1449 1105 1480 68.

657 1489 854 1530 Collegium
876 1489 987 1522 Liberi
1012 1491 1143 1523 Patris.
1169 1492 1242 1522 228.

655 1533 870 1565 Color-aroris
892 1532 1057 1565 officium.
1087 1537 1158 1565 128.
1188 1543 1258 1575 129-

655 1575 783 1608 Colore
809 1575 945 1607 vultum
973 1585 1231 1611 corrumpentes
1251 1575 1394 1610 feminae

742 1617 984 1655 vituperantur
1008 1629 1024 1650 a
1045 1619 1093 1651 bS.
1117 1618 1289 1652 Patzibus-
1326 1620 1396 1651 128.

655 1661 760 1694 Color
782 1659 1094 1701 rubrusjaspidum,
1107 1660 1280 1701 feralis‚&
1292 1659 1396 1695 luCtui

739 1703 941 1736 conveniens
955 1727 962 1736 .
989 1714 1088 1737 xxxx.

651 1744 778 1779 Colore
806 1746 1036 1780 amaranthino
1067 1746 1151 1789 pista
1171 1746 1346 1788 sepulcra,
1369 1746 1401 1779 in

737 1786 857 1820 funere
869 1789 1027 1822 eumdem
1039 1789 1192 1823 colorem
1209 1790 1402 1825 adhibitum

735 1840 874 1870 argunt.
900 1839 933 1871 4.

651 1873 909 1906 Columbarium
922 1898 931 1912 ‚
947 1885 1010 1908 cur
1037 1875 1083 1908 ita
1102 1876 1312 1917 appellatum
1334 1875 1404 1909 hoc

739 1915 987 1956 sepulcretum‚
1004 1918 1075 1960 ejus
1092 1927 1230 1959 etymon
1242 1943 1250 1951 .
1274 1928 1320 1958 52.

652 1958 965 1998 Columbaria,five
977 1961 1153 1994 aediculae
1163 1972 1266 2000 quae;
1288 1971 1404 1994 earum

736 2000 844 2034 forma
856 2025 864 2039 ,
883 2002 1037 2037 diversae
1049 2003 1296 2047 appellationes
1307 2029 1314 2036 .
1335 2014 1404 2045 3.4.

652 2085 872 2132 Columbaria
893 2087 974 2119 duas
998 2087 1078 2120 ollas
1091 2087 1302 2128 frequentius
1321 2100 1404 2123 con-

740 2128 908 2161 tinebant.
934 2140 980 2168 53.
1009 2140 1060 2169 55.

651 2170 868 2203 Columbaria
889 2172 920 2203 in
939 2172 1068 2212 angulis
1088 2174 1270 2207 constituta
1294 2175 1404 2214 fingu-

739 2212 841 2246 larem
852 2213 966 2252 ollam,
982 2213 1065 2247 idest
1081 2227 1177 2249 unam
1188 2217 1290 2250 ollam
1300 2227 1405 2256 quae-

734 2253 818 2287 libet
837 2256 1069 2289 continebant.
1099 2268 1149 2297 55,

656 2294 875 2330 Columbaria
905 2310 970 2331 non
999 2299 1129 2338 semper
1154 2302 1321 2340 rotunda,
1344 2312 1405 2335 ve-

742 2350 816 2372 rum
837 2341 939 2372 etiam
958 2342 1141 2381 quadrata.
1171 2354 1207 2385 53
1243 2354 1294 2385 ςς.

652 2380 951 2416 Columbariorum
986 2394 1142 2423 ornatus,
1165 2386 1265 2420 series
1298 2386 1405 2426 ordo,

742 2425 953 2466 elegantia&
967 2427 1173 2462 concinnitas
1185 2454 1192 2462 .
1207 2440 1230 2469 5.
1241 2438 1406 2470 52.53.54-

651 2466 912 2502 Columbarium
933 2478 1045 2503 totum
1076 2471 1261 2506 donatum.
1280 2474 1332 2505 62.
1353 2473 1407 2511 65.

653 2508 815 2542 Columna
840 2512 979 2545 Fabius.
1007 2523 1080 2553 231.

654 2549 821 2584 Comoedi
845 2553 877 2585 in
905 2555 1097 2593 conviviis,
1125 2558 1155 2588 ὅ(
1186 2566 1291 2590 cenae
1322 2564 1408 2589 tem-

742 2603 826 2639 pore
848 2595 890 2626 ad
917 2596 1147 2630 delefilandurn
1175 2598 1318 2632 induffi.
1341 2602 1412 2637 148.

657 2632 757 2664 Coma
778 2635 874 2671 Diis,
894 2637 924 2666 δε
942 2639 1056 2674 patriis
1084 2639 1295 2670 Fluminibus
1316 2639 1412 2670 dica-

742 2683 775 2749 La
799 2676 839 2708 ab
863 2676 912 2709 his
937 2677 997 2716 qui
1024 2689 1066 2710 ex
1089 2678 1229 2720 ephebis
1261 2679 1410 2712 excede-

767 2727 841 2750 ant.
868 2729 919 2758 72.

658 2757 862 2793 Conditoria
872 2769 1028 2794 veterum
1043 2764 1200 2801 pisturis,
1214 2762 1409 2805 anaglyphis

741 2802 966 2850 marmoreis;
1003 2805 1128 2845 figlinis
1149 2830 1157 2843 ,
1194 2816 1232 2839 ac
1265 2805 1410 2845 plasticis

737 2844 920 2884 operibus,
946 2847 976 2878 &
989 2847 1123 2881 marinis
1142 2848 1284 2881 conchis
1301 2858 1409 2881 exor-

740 2896 835 2920 nata.
859 2898 909 2929 37.

657 2929 817 2970 Coniugis
834 2930 941 2964 bonae
962 2930 1075 2965 laudes
1089 2957 1096 2965 .
1127 2943 1177 2973 ¹3·
1208 2941 1258 2971 18·

658 2972 863 3046 Conigcrata
889 2984 960 3012 quo
983 2983 1136 3015 tempore
1164 2974 1263 3009 Livia
1283 2975 1411 3019 Augu-

772 3027 805 3049 a.
831 3026 863 3048 21
893 3042 898 3047 .

659 3030 947 3098 Conserxus.9105.

656 3101 862 3133 Consulatus
882 3100 1015 3141 insignis
1035 3101 1137 3136 Annii
1150 3102 1233 3136 Veri
1246 3105 1295 3143 ,&
1310 3104 1408 3146 Eggii

741 3143 916 3176 Ambibuli
936 3143 1130 3177 restitutus.
1161 3156 1231 3180 222.
1258 3156 1333 3188 223.

655 3184 843 3221 Consulum
867 3187 960 3228 paria
978 3210 985 3219 .
1012 3191 1064 3222 86.
1087 3197 1161 3227 145.

1516 511 1780 546 Contubernales
1796 510 1964 554 quinam.
1989 515 2042 551 87.
2161 551 2167 555 Ἴ

1516 554 1783 589 contubernium
1803 557 1845 589 de
1866 556 2018 597 ingenuis
2040 560 2176 596 quoque
2195 553 2249 588 di-

1603 599 1688 631 &utn
1702 623 1710 631 .
1738 608 1811 634 224.

1518 641 1685 674 Convivis
1696 640 1816 673 arbitri
1827 640 1866 673 ad
1879 639 2061 673 bibendum
2078 640 2160 673 dati.
2177 648 2250 681 192·

1520 684 1647 725 Copiae
1668 693 1792 715 cornua
1820 683 1852 715 in
1880 682 1989 721 urnis,
2013 684 2043 715 δε
2068 681 2252 722 sarcopha-

1603 726 1653 765 gis
1675 724 1806 763 sculpta
1833 726 1918 765 quid
1948 726 2130 758 denotent.
2155 736 2207 758 21.

1521 767 1649 808 Copiae
1679 777 1787 799 cornu
1818 767 1851 799 in
1875 768 2001 810 templo
2032 768 2125 801 Deae
2163 768 2252 800 Con—

1607 809 1741 843 cordiae
1767 808 1924 850 fingulari
1950 821 2077 850 gemma
2110 818 2267 843 exorna·‘

1606 862 1701 891 tum,
1723 852 1753 884 &
1774 852 1936 885 donatum
1954 863 1970 884 a
1998 852 2093 885 Livia
2110 877 2117 885 .
2145 863 2251 885 xxvr.

1519 897 1663 930 Corinna
1687 894 1801 936 puella
1820 919 1828 933 ‚
1851 905 1889 928 ac
1909 895 2061 928 Po'e'tria.
2084 905 2153 936 139.
2182 905 2253 934 140.

1518 936 1710 971 Corneliani
1737 934 1847 975 servi,
1869 938 1945 980 qui-
1970 948 2041 978 179-

1516 981 1652 1014 Corona
1673 989 1820 1017 quercea
1838 989 1905 1021 qua
1923 979 2032 1013 flemis
2045 979 2178 1013 lucerna
2194 989 2253 1013 or-

1601 1029 1704 1053 natur
1717 1043 1726 1057 ,
1749 1022 1835 1062 quid
1853 1021 2037 1062 significet.
2068 1032 2117 1060 50.

1519 1067 1674 1099 Coronae
1700 1062 1906 1096 Baccharum
1937 1064 2033 1105 saepe
2064 1065 2083 1097 e
2122 1064 2253 1104 capillis

1606 1105 1740 1147 plexae.
1770 1114 1818 1143 ις.

1518 1149 1677 1181 Coronae
1696 1158 1713 1178 a
1734 1147 1869 1180 Baccho
1893 1147 2070 1180 inventae.
2100 1159 2147 1186 ις.

1524 1192 1681 1224 Coronae
1692 1189 2027 1225 laneae,hederaceae
2036 1213 2045 1227 ,
2056 1191 2258 1230 pampineae,

1608 1234 1638 1265 ὃ(
1661 1231 1907 1273 corymbiferae
1931 1234 1962 1265 in
1982 1231 2094 1270 capite
2114 1231 2259 1267 famulo-

1605 1285 1682 1307 rum
1704 1274 1818 1307 Liberi
1841 1275 1968 1308 Patris.
1998 1285 2047 1314 15.

1520 1317 1706 1353 coronaria
1716 1316 1837 1350 femina
1856 1328 1899 1350 ex
1914 1319 2026 1351 veteri
2046 1317 2240 1360 anaglypho
2253 1340 2261 1350 .

1604 1368 1705 1393 xxxx.

1520 1402 1698 1437 Coronarii
1719 1403 1780 1442 qui
1799 1414 1873 1436 nam
1887 1426 1894 1433 .
1919 1412 1997 1435 xxx·

1520 1445 1714 1480 Coronariis
1735 1446 1854 1479 diurna
1876 1444 2003 1480 florum
2028 1444 2131 1489 pensa
2162 1444 2259 1478 data.

1606 1499 1710 1521 xxix.

1521 1532 1735 1565 Coronarum
1779 1530 2072 1565 conficiendarum
2110 1540 2164 1564 ars
2189 1553 2198 1568 ‚
2232 1529 2263 1561 &

1603 1574 1728 1607 modus
1749 1574 1842 1616 apud
1864 1582 2022 1607 veteres.
2049 1582 2154 1606 xxix.

1523 1615 1707 1650 Coronidis
1720 1616 1928 1649 monumenti
1944 1615 2072 1648 schema
2085 1640 2092 1651 ‚
2102 1613 2262 1655 pulchri-

1606 1659 1713 1697 tudo,
1734 1657 1884 1692 latitudo
1894 1673 1905 1696 ,·
1927 1666 2014 1699 quae
2037 1656 2232 1703 superiores
2253 1678 2263 1693 ,

1610 1703 1640 1734 &
1659 1701 1839 1736 inferiores
1855 1701 1999 1734 ollarum
2021 1700 2157 1732 ordines
2169 1697 2261 1730 divi-

1610 1744 1723 1779 debat.
1740 1755 1838 1777 xvu.
1856 1754 1884 1784 3.
1908 1754 1927 1775 e
1945 1742 2134 1775 Tiburtino
2152 1739 2265 1780 lapide

1552 1821 1559 1826 ,
1610 1789 1753 1822 τεὲὶοῑίο
1766 1797 1872 1825 opere
1883 1786 2055 1825 eleganter
2075 1792 2190 1818 ornata
2203 1806 2212 1821 ,
2225 1793 2264 1815 ac

1612 1830 1803 1872 perpolita.
1832 1838 1858 1869 3.

1530 1871 1685 1910 Corpora
1715 1871 1952 1906 defunctorum
1975 1870 2107 1909 integra
2132 1869 2164 1900 in
2186 1866 2264 1913 Sar-

1612 1915 1776 1956 cophagis
1795 1913 1952 1950 condita;
1973 1910 2146 1953 praetiofis
2165 1907 2267 1943 vesti-

1613 1956 1673 1990 bus
1691 1959 1827 1992 induta.
1847 1960 1876 1988 8.
1903 1967 1952 1988 ιο.
2240 1993 2246 1998 ,

1530 1999 1659 2039 Corpus
1677 2001 1803 2034 animae
1828 1998 2051 2039 sepulcruma
2064 1997 2202 2032 Platone
2213 1994 2265 2027 ‹11-

1615 2043 1723 2077 Elum.
1743 2053 1797 2083 45-
2240 2078 2247 2083 ,

1530 2085 1781 2127 Corymborum
1801 2084 1900 2121 usus,
1918 2085 1948 2116 &
1966 2092 2091 2123 pompa
2110 2082 2142 2114 in
2166 2079 2266 2114 sacris

1617 2128 1740 2161 Bacchi
1754 2153 1761 2160 .
1781 2136 1854 2166 τος.

1532 2169 1754 2211 Corymqum
1785 2167 1969 2203 muliebre.
1989 2177 2065 2208 203.

1533 2213 1713 2246 Cotisonus
1733 2214 1807 2245 Rex
1824 2213 1996 2245 Getarum.
2027 2221 2097 2242 ιω.

1533 2255 1729 2297 Crystallina
1741 2255 1862 2294 pocula
1874 2264 1993 2294 magno
2005 2252 2036 2286 in
2046 2251 2166 2295 precio
2177 2249 2271 2292 apud

1618 2307 1769 2330 veteres.
1790 2308 1864 2330 210.

1533 2339 1730 2382 Crystallum
1756 2343 1859 2373 mirae
1874 2337 2112 2380 magnitudinis
2130 2349 2147 2371 a
2172 2336 2272 2373 Livia

1620 2382 1774 2416 dicatum
1796 2384 1830 2416 in
1849 2381 2042 2425 Capitolio.
2067 2384 2141 2413 21‘3.

1536 2425 1746 2460 Cubicularii
1767 2425 1896 2459 summo
1909 2425 1942 2457 in
1961 2425 2090 2458 honore
2104 2422 2271 2466 fuere.90.

1622 2469 1785 2510 Augustis
1797 2468 1927 2502 feminis
1942 2468 1982 2501 ad
1993 2466 2179 2500 custodiam
2191 2477 2270 2500 cor-

1621 2513 1714 2555 poris
1731 2512 1823 2545 dati.
1847 2525 1901 2552 90.
1963 2551 1971 2557 .
1994 2551 2001 2558 ⁸

1537 2553 1778 2588 Cubiculariae
1794 2554 1918 2587 femine
1935 2563 2019 2586 viris
2037 2550 2128 2585 haud
2154 2551 2272 2593 legun-

1624 2606 1682 2629 tur
1705 2598 1824 2630 datae.
1846 2608 1901 2636 90.

1539 2637 1722 2669 Cultor-um
1746 2636 1889 2675 Augusti
1914 2634 2104 2666 habitatio.
2130 2642 2199 2673 159.

1535 2679 1690 2715 Cuperus
1718 2677 1916 2709 Gisbertus.
1937 2685 2015 2708 xxx.

1536 2718 1676 2758 Cupido
1700 2720 1855 2753 Aureus.
1879 2728 1930 2760 91.
2129 2758 2136 2765 ι

1535 2760 1674 2800 Cupido
1699 2773 1777 2796 cum
1805 2761 1880 2795 face
1907 2760 2059 2799 inversa,
2080 2759 2163 2799 quid
2188 2760 2273 2795 defi-

1619 2814 1719 2843 gnet.
1745 2815 1887 2838 xxxiii·
1920 2812 1970 2834 12.

1537 2847 1722 2880 Curatores
1745 2858 1842 2881 arcae
1868 2846 2033 2887 Collegii·
2062 2846 2134 2887 163.

1537 2891 1744 2928 Curatores,
1763 2890 2050 2926 Denunciatores‚
2063 2891 2092 2921 &
2111 2889 2276 2929 Magistri

1623 2933 1814 2974 Regionum
1828 2957 1837 2971 ,
1852 2934 1882 2964 &
1904 2932 2071 2965 Vicorum
2088 2931 2204 2965 Urbis.
2223 2935 2272 2973 83.

1538 2975 1642 3010 Curia
1663 2975 1768 3018 Julia·
1789 2986 1842 3017 95.

1538 3019 1721 3052 Curiarum
1746 3018 1816 3051 duo
1836 3025 1956 3058 genera
1972 3039 1979 3047 .
2003 3026 2076 3057 230.

1538 3063 1666 3094 Currus
1684 3060 1944 3101 elephantorum
1970 3058 2117 3092 Circensi
2144 3063 2271 3105 pomp&

1621 3102 1741 3136 Liviae
1758 3102 1918 3135 decretus
1934 3124 1942 3132 .
1961 3110 2037 3143 219.

1535 3145 1667 3178 Currus
1698 3142 1980 3187 triumphantium
2006 3146 2168 3180 inaurati.
2198 3158 2272 3188 150.

1536 3187 1703 3221 Cursor-es
1723 3185 1803 3227 qui.
1833 3187 1909 3223 168.

2099 3231 2229 3268 Currus
